--- COMMENTS may be placed outside the @ENTRYTYPE{ ... } stuctures
--- CMS guidelines
---- Every journal article citation should include the DOI, assuming one exists.
---- All URLs for CMS notes, ANs, etc, should refer to the CDS server, not the CMS server. Use our standard format for them, as shown below.
----  CMS Notes not available on CDS are regarded as private and may not be cited.
----  CMS physics papers (i.e., those intended for publication in journals) may reference only POG PASs, not PAG PASs.
---- For papers by collaborations, list the collaboration in the COLLABOROATION field and put the first author and "and others" in the AUTHOR field.
----  If only the collaboration is listed as the author, put "{XXX Collaboration}" under AUTHOR.
----  Note that we automatically replace the AUTHOR field with the collaboration name for ATLAS, CMS, LHCb, and ATLAS at submission time.
---- Other items:
----   PAGES: Please only list the first page, not the range.
----   ISSUE: Please do not include in most cases.
----   URL: Do not include this field if a DOI is available.
---- Number of authors to list:
----   PRL requests that we include all authors up to fifteen except for large collaborations, and we take this as our internal guide as well. If there
----   are more than fifteen, just list the first author + "and others", as above.
----   The individual journal bib style file (theirs, ours, PLB, etc.) will truncate at the appropriate point. We have ours set to _1_ for more than four.
---- Use only the URL field instead of embedding an href (this is a change in our practice).
---- A reference only published on the arXiv should be listed as UNPUBLISHED (with a note "Submitted to XXX" for large collaboration papers).
----   Experimental papers only on the arXiv and not submitted for publication may not be cited.
---- Some journals will lowercase the title: use {} to protect words which must be capitalized, e.g., {LHC}, {TeV}, {CERN}, {CMS}.
----  Do not escape the entire title as it will then clash with the journal style.
---- Journal names: the journals generally include the series in the journal name, "Physical Review D", vol 5, rather than PR D5
%
% Notes hosted only on CDS are listed as TECHREPORTs.
%

@InCollection{Karsch:2003jg,
  author = 	 "Karsch, F. and Laermann, E.",
  title = 	 "Thermodynamics and in-medium hadron properties
                  from lattice {QCD}",
  booktitle = 	 "Quark-Gluon Plasma III",
  editor = 	 "Rudolph C. Hwa and Xin-Nian Wang",
  publisher = 	 "World Scientific Publishing Co. Pte. Ltd.",
  year = 	 "2004",
  eprint         = "hep-lat/0305025",
  archivePrefix  = "arXiv",
  primaryClass   = "hep-lat",
  SLACcitation   = "%%CITATION = HEP-LAT/0305025;%%",
}

@Article{Shuryak:1977ut,
      author         = "Shuryak, Edward V.",
      title          = "Theory of Hadronic Plasma",
      journal        = "Sov. Phys. JETP",
      volume         = "47",
      pages          = "212",
      year           = "1978",
      reportNumber   = "IYF-77-34",
      SLACcitation   = "%%CITATION = SPHJA,47,212;%%",
}

@Article{Matsui:1986dk,
     author    = "Matsui, T. and Satz, H.",
     title     = "\JPsi suppression by quark-gluon plasma formation",
     journal   = "Phys. Lett. B",
     volume    = "178",
     year      = "1986",
     pages     = "416",
     doi       = "10.1016/0370-2693(86)91404-8",
     SLACcitation  = "%%CITATION = PHLTA,B178,416;%%"
}

@article{Mocsy:2007jz,
      author         = "M{\'o}csy, {\'A}gnes and Petreczky, Peter",
      title          = "{Color screening melts quarkonium}",
      journal        = "Phys. Rev. Lett.",
      volume         = "99",
      pages          = "211602",
      doi            = "10.1103/PhysRevLett.99.211602",
      year           = "2007",
      eprint         = "0706.2183",
      archivePrefix  = "arXiv",
      primaryClass   = "hep-ph",
}

@Article{Vogt:2010aa,
      author         = "Vogt, R.",
      title          = "{Cold Nuclear Matter Effects on \JPsi and \PgU\ Production at energies available at the CERN Large Hadron Collider (LHC)}",
      journal        = "Phys. Rev. C",
      volume         = "81",
      pages          = "044903",
      doi            = "10.1103/PhysRevC.81.044903",
      year           = "2010",
      eprint         = "1003.3497",
      archivePrefix  = "arXiv",
      primaryClass   = "hep-ph",
}

@article{Chatrchyan:2012np,
      author         = "Chatrchyan, Serguei and others",
      title          = "{Suppression of non-prompt $J/\psi$, prompt $J/\psi$, and
                        Y(1S) in PbPb collisions at $\sqrt{s_{NN}}=2.76$ TeV}",
      collaboration  = "CMS Collaboration",
      journal        = "JHEP",
      volume         = "1205",
      pages          = "063",
      doi            = "10.1007/JHEP05(2012)063",
      year           = "2012",
      eprint         = "1201.5069",
      archivePrefix  = "arXiv",
      primaryClass   = "nucl-ex",
      reportNumber   = "CMS-HIN-10-006, CERN-PH-EP-2011-170",
      SLACcitation   = "%%CITATION = ARXIV:1201.5069;%%",
}

@article{Chatrchyan:2011pe,
      author         = "Chatrchyan, Serguei and others",
      title          = "{Indications of suppression of excited $\Upsilon$ states
                        in PbPb collisions at $\sqrt{S_{NN}}$ = 2.76 TeV}",
      collaboration  = "CMS Collaboration",
      journal        = "Phys.Rev.Lett.",
      volume         = "107",
      pages          = "052302",
      doi            = "10.1103/PhysRevLett.107.052302",
      year           = "2011",
      eprint         = "1105.4894",
      archivePrefix  = "arXiv",
      primaryClass   = "nucl-ex",
      reportNumber   = "CERN-PH-EP-2011-074, CMS-HIN-11-007",
      SLACcitation   = "%%CITATION = ARXIV:1105.4894;%%",
}

@article{Chatrchyan:2012lxa,
      author         = "Chatrchyan, Serguei and others",
      title          = "{Observation of sequential Upsilon suppression in PbPb
                        collisions}",
      collaboration  = "CMS Collaboration",
      journal        = "Phys.Rev.Lett.",
      volume         = "109",
      pages          = "222301",
      doi            = "10.1103/PhysRevLett.109.222301",
      year           = "2012",
      eprint         = "1208.2826",
      archivePrefix  = "arXiv",
      primaryClass   = "nucl-ex",
      reportNumber   = "CMS-HIN-11-011, CERN-PH-EP-2012-228",
      SLACcitation   = "%%CITATION = ARXIV:1208.2826;%%",
}

@article{Abelev:2014oea,
      author         = "Abelev, Betty Bezverkhny and others",
      title          = "{Production of inclusive $\Upsilon$(1S) and
                        $\Upsilon$(2S) in p-Pb collisions at
                        $\mathbf{\sqrt{s_{{\rm NN}}} = 5.02}$ TeV}",
      collaboration  = "ALICE Collaboration",
      journal        = "Phys.Lett.",
      volume         = "B740",
      pages          = "105-117",
      doi            = "10.1016/j.physletb.2014.11.041",
      year           = "2014",
      eprint         = "1410.2234",
      archivePrefix  = "arXiv",
      primaryClass   = "nucl-ex",
      reportNumber   = "CERN-PH-EP-2014-196",
      SLACcitation   = "%%CITATION = ARXIV:1410.2234;%%",
}

@article{Aaij:2014mza,
      author         = "Aaij, Roel and others",
      title          = "{Study of $\Upsilon$ production and cold nuclear matter
                        effects in $p$Pb collisions at $\sqrt{s_{NN}}$=5 TeV}",
      collaboration  = "LHCb collaboration",
      journal        = "JHEP",
      volume         = "1407",
      pages          = "094",
      doi            = "10.1007/JHEP07(2014)094",
      year           = "2014",
      eprint         = "1405.5152",
      archivePrefix  = "arXiv",
      primaryClass   = "nucl-ex",
      reportNumber   = "LHCB-PAPER-2014-015, CERN-PH-EP-2014-102",
      SLACcitation   = "%%CITATION = ARXIV:1405.5152;%%",
}

@article{Chatrchyan:2013nza,
      author         = "Chatrchyan, Serguei and others",
      title          = "{Event activity dependence of Y(nS) production in
                        $\sqrt{s_{NN}}$=5.02 TeV pPb and $\sqrt{s}$=2.76 TeV pp
                        collisions}",
      collaboration  = "CMS Collaboration",
      journal        = "JHEP",
      volume         = "1404",
      pages          = "103",
      doi            = "10.1007/JHEP04(2014)103",
      year           = "2014",
      eprint         = "1312.6300",
      archivePrefix  = "arXiv",
      primaryClass   = "nucl-ex",
      reportNumber   = "CMS-HIN-13-003, CERN-PH-EP-2013-219",
      SLACcitation   = "%%CITATION = ARXIV:1312.6300;%%",
}

@article{Adolphi:2008zzk,
      author         = "Adolphi, R. and others",
      title          = "{The CMS experiment at the CERN LHC}",
      collaboration  = "CMS",
      journal        = "JINST",
      volume         = "3",
      pages          = "S08004",
      doi            = "10.1088/1748-0221/3/08/S08004",
      year           = "2008",
}

@TechReport{TRK-10-004,
  author = "{CMS Collaboration}",
  collaboration = "CMS",
  title = "Measurement of momentum scale and resolution using low-mass resonances and cosmic ray muons",
  year = {2010},
  type = "{CMS Physics Analysis Summary}",
  number = {TRK-2010/004},
  url = "http://cdsweb.cern.ch/record/1279137/files/TRK-10-004-pas.pdf"
}

@article{Chatrchyan:2011sx,
      author         = "Chatrchyan, Serguei and others",
      title          = "{Observation and studies of jet quenching in PbPb
                        collisions at nucleon-nucleon center-of-mass energy = 2.76
                        TeV}",
      collaboration  = "CMS Collaboration",
      journal        = "Phys.Rev.",
      volume         = "C84",
      pages          = "024906",
      doi            = "10.1103/PhysRevC.84.024906",
      year           = "2011",
      eprint         = "1102.1957",
      archivePrefix  = "arXiv",
      primaryClass   = "nucl-ex",
      reportNumber   = "CERN-PH-EP-2011-001, CMS-HIN-10-004",
      SLACcitation   = "%%CITATION = ARXIV:1102.1957;%%",
}

@TECHREPORT{CMS-PAS-LUM-13-002,
      AUTHOR      = "{CMS Collaboration}",
      COLLABORATION = {CMS},
      TITLE       = "Luminosity Calibration for the 2013 Proton-Lead and Proton-Proton Data Taking",
      URL         = "http://cds.cern.ch/record/1643269",
      TYPE        = "CMS Physics Analysis Summary",
      NUMBER      = "CMS-PAS-LUM-13-002",
      YEAR        = "2013"
}

@Article{Miller:2007ri,
      author         = "Miller, Michael L. and Reygers, Klaus and
                  Sanders, Stephen J. and Steinberg, Peter",
      title          = "{Glauber modeling in high-energy nuclear collisions}",
      journal        = "Ann. Rev. Nucl. Part. Sci.",
      volume         = "57",
      pages          = "205",
      doi            = "10.1146/annurev.nucl.57.090506.123020",
      year           = "2007",
      eprint         = "nucl-ex/0701025",
      archivePrefix  = "arXiv",
      primaryClass   = "nucl-ex",
}

@article{Chatrchyan:2012xi,
      author         = "Chatrchyan, Serguei and others",
      title          = "{Performance of CMS muon reconstruction in pp collision
                        events at $\sqrt{s}=7$ TeV}",
      collaboration  = "CMS",
      journal        = "JINST",
      volume         = "7",
      pages          = "P10002",
      doi            = "10.1088/1748-0221/7/10/P10002",
      year           = "2012",
      eprint         = "1206.4071",
      archivePrefix  = "arXiv",
      primaryClass   = "physics.ins-det",
      reportNumber   = "CMS-MUO-10-004, CERN-PH-EP-2012-173",
      SLACcitation   = "%%CITATION = ARXIV:1206.4071;%%",
}

@article{Chatrchyan:2013yna,
      author         = "Chatrchyan, Serguei and others",
      title          = "{Measurement of the $\Upsilon(1S), \Upsilon(2S)$, and
                        $\Upsilon(3S)$ cross sections in pp collisions at
                        $\sqrt{s}$ = 7 TeV}",
      collaboration  = "CMS Collaboration",
      journal        = "Phys.Lett.",
      volume         = "B727",
      pages          = "101-125",
      doi            = "10.1016/j.physletb.2013.10.033",
      year           = "2013",
      eprint         = "1303.5900",
      archivePrefix  = "arXiv",
      primaryClass   = "hep-ex",
      reportNumber   = "CMS-BPH-11-001, CERN-PH-EP-2012-373",
      SLACcitation   = "%%CITATION = ARXIV:1303.5900;%%",
}

@article{Agashe:2014kda,
      author         = "Olive, K.A. and others",
      title          = "{Review of Particle Physics}",
      collaboration  = "Particle Data Group",
      journal        = "Chin.Phys.",
      volume         = "C38",
      pages          = "090001",
      doi            = "10.1088/1674-1137/38/9/090001",
      year           = "2014",
      SLACcitation   = "%%CITATION = CHPHD,C38,090001;%%",
}

%%%%%%%%%%%%%%%%%%%%%%%%%%%%%%%%%%%%%%%%%%%%

@TECHREPORT{CMS_AN_2006-027,
     AUTHOR       = "Belotelov, I. and Golutvin, I. and Bourilkov, D. and Lanyov, A. and Rogalev, E. and Savina, M. and Shmatov, S.",
     TITLE        = "Search for {ADD} extra dimensional gravity in di-muon channel with the {CMS} Detector",
     TYPE      = "CMS Note",
     NUMBER       = "2006/076",
     URL          = "http://cdsweb.cern.ch/record/962045",
     YEAR         = "2006"}
@TECHREPORT{CMS_NOTE_2006-106,
     AUTHOR       = "Aldaya, M. and Arce, P. and Caballero, J. and de la Cruz, B. and Garcia-Abia, P. and Hernandez, J. M. and Josa, M. I. and Ruiz, E.",
     TITLE        = "Discovery potential and search strategy for the Standard Model {H}iggs boson in the {$H\to ZZ^\star\to 4\mu$} decay channel using a mass-independent analysis",
     TYPE      = "CMS Note",
     NUMBER       = "2006/106",
     URL          = "http://cdsweb.cern.ch/record/962058",
     YEAR         = "2006"}
%
% standard article
%
@Article{Brandt:1997gi,
     author    = "Brandt, A. and others",
 collaboration = "UA8",
     title     = "Measurements of single diffraction at $\sqrt{s} =$ 630 {GeV}:
                  Evidence for  a non-linear $\alpha(t)$ of the pomeron",
     journal   = "Nucl. Phys. B",
     volume    = "514",
     year      = "1998",
     pages     = "3",
     SLACcitation  = "%%CITATION = HEP-EX 9710004;%%",
     doi       = "10.1016/S0550-3213(97)00813-4"
}
@ARTICLE{Buchmuller:1986zs,
     AUTHOR       = "Buchm{\"u}ller, W. and Wyler, D.",
     TITLE        = "Constraints on {SU(5)}-type leptoquarks",
     JOURNAL      = "Phys. Lett. B",
     VOLUME       = "177",
     YEAR         = "1986",
     pages        = "377",
     SLACcitation  = "%%CITATION = PHLTA,B191,442;%%",
     doi          = "10.1016/0370-2693(86)90771-9"}
@Article{PTDR2,
     author    = "{CMS Collaboration}",
     title     = "{CMS} technical design report, volume {II}: {Physics}
                  performance",
     journal   = "J. Phys. G",
     volume    = "34",
     year      = "2007",
     pages     = "995",
     doi       = "10.1088/0954-3899/34/6/S01",
     SLACcitation  = "%%CITATION = JPHGB,G34,995;%%"
}
% PAS are now TECHREPORTS. Same for Notes. A formatted list of PASs is located in [svn]/utils/branches/dev/general/pasBib-tech.bib
@TECHREPORT{CMS-PAS-JME-10-003,
      AUTHOR      = "{CMS Collaboration}",
      COLLABORATION = {CMS},
      TITLE       = "Jet Performance in pp Collisions at $\sqrt{s}$=7 {TeV}",
      URL         = "http://cdsweb.cern.ch/record/1279362",
      TYPE     = "CMS Physics Analysis Summary",
      NUMBER      = "CMS-PAS-JME-10-003",
      YEAR        = "2010"
}
%SPIRES had this one as R. Adolphi, et. al. Wrong. Now corrected in InspireHEP.
@Article{Chatrchyan:2008zzk,
     author    = "Chatrchyan, S. and others",
     collaboration = "CMS",
     title     = "The {CMS} experiment at the {CERN} {LHC}",
     journal   = "JINST",
     volume    = "3",
     year      = "2008",
     pages     = "S08004",
     doi       = "10.1088/1748-0221/3/08/S08004",
     SLACcitation  = "%%CITATION = JINST,3,S08004;%%"
}
% An evergreen:
@article{Beringer:1900zz,
      author         = "{Particle Data Group} and Beringer, J. and others",
      title          = "{Review of Particle Physics}",
      journal        = "Phys. Rev. D",
      volume         = "86",
      pages          = "010001",
      doi            = "10.1103/PhysRevD.86.010001",
      year           = "2012",
      SLACcitation   = "%%CITATION = PHRVA,D86,010001;%%",
}
%
% An example of a document which only appears on arXiv. This one could alternatively be cited as a TECHREPORT using any of the various laboratory report numbers when hosted on a lab server:
% reportNumber   = "CERN-PH-EP-2010-095, FERMILAB-TM-2480-PPD, LEPEWWG-2010-01, TEVEWWG-2010-01, ALEPH-2010-001-PHYSICS-2010-001, CDF-NOTE-10338, D0-NOTE-6130, DELPHI-DELPHI-2010-001-PHYS-952, L3-NOTE-2837, OPAL-PR432, SLAC-PUB-14301",
%
@UNPUBLISHED{LEPewkfits,
     author = "{ALEPH, CDF, D0, DELPHI, L3, OPAL, SLD Collaborations,
                                    the LEP Electroweak Working Group, the Tevatron Electroweak Working Group, and the SLD Electroweak and Heavy Flavour Groups}",
     title     = "Precision electroweak measurements and constraints on
the {Standard Model}",
     URL       = "http://lepewwg.web.cern.ch/LEPEWWG",
     eprint    = "1012.2367",
     archivePrefix = "arXiv",
     primaryClass  =  "hep-ex",
     year  = "2010",
     SLACcitation  = "%%CITATION = 1012.2367;%%"
}
%
% A document hosted on a laboratory server
%
@TECHREPORT{Bertram:2000br,
  author = " Bertram, I. and Landsberg, G. and Linnemann, J. and Partridge, R. and Paterno, M. and Prosper, H. B.",
  title =  "A Recipe for the construction of confidence limits",
  institution = "Fermilab",
  number     = "{TM-2104}",
  url = "http://lss.fnal.gov/archive/test-tm/2000/fermilab-tm-2104.pdf",
  year = "2000"
 }
 %
 % A document included in Proceedings. PRL may want the ADDRESS field as well.
 %
@INPROCEEDINGS{RooStats,
  AUTHOR       = "Moneta, L. and Belasco, K. and  Cranmer, K. S. and Lazzaro, A. and Piparo, D. and Schott, G. and Verkerke, W. and Wolf, M. ",
  TITLE        = "The {R}oo{S}tats {P}roject",
  BOOKTITLE = "13$^\text{th}$ International Workshop on Advanced Computing and Analysis Techniques in Physics Research (ACAT2010)",
  YEAR         = "2010",
  PUBLISHER = "SISSA",
  NOTE = "{PoS(ACAT2010)057}",
  URL          = "http://pos.sissa.it/archive/conferences/093/057/ACAT2010_057.pdf",
  eprint = "1009.1003",
  primaryClass = "physics.data-an"
}
%
% CMS/ATLAS papers submitted but not yet accepted; The SLACcitation is not required. This is only for illustration, these are now published.
% Upon acceptance the note is modified and the DOI included (if available).
%
@Unpublished{Khachatryan:2010mp,
     author    = "{CMS Collaboration}",
     collaboration = "CMS",
     title     = "Search for Pair Production of First-Generation Scalar Leptoquarks in pp Collisions at $\sqrt{s} = 7$ {TeV}",
     note  = "Submitted to \textit{Phys. Rev. Lett.}",
     eprint    = "1012.4031",
     archivePrefix = "arXiv",
     primaryClass  =  "hep-ex",
     year = "2010",
     SLACcitation  = "%%CITATION = 1012.4031;%%"
}
@Unpublished{CMS-PAPER-MUO-10-004,
     author    = "{CMS Collaboration}",
     collaboration = "CMS",
     title     = "Performance of CMS muon reconstruction in pp collision events at $\sqrt{s} = 7$\TeV",
     note  = "Submitted to \textit{J. Inst.}",
     eprint    = "1206.4071",
     archivePrefix = "arXiv",
     primaryClass  =  "physics.ins-det",
     year = "2012",
}
@Unpublished{ATLAS:2011aa,
        Archiveprefix = {arXiv},
        Author = {{ATLAS Collaboration}},
        Collaboration = {ATLAS},
        Eprint = {1112.2577},
        Note = {Submitted to \textit{Phys. Rev. Lett.}},
        Primaryclass = {hep-ex},
        Slaccitation = {%%CITATION = 1112.2577;%%},
        Title = {Search for the {H}iggs boson in the {$H\to$WW(*)$\to \ell^+ \nu \ell^- \bar{\nu}$} decay channel in pp collisions at $\sqrt{s}$ = 7 {TeV} with the {ATLAS} detector},
        Year = {2011}}
% Misc
@Article{Cacciari:2008gp,
     AUTHOR    = "Cacciari, Matteo and Salam, Gavin P. and Soyez, Gregory",
     TITLE     = "The anti-$k_t$ jet clustering algorithm",
     JOURNAL   = "JHEP",
     VOLUME    = "04",
     YEAR      = "2008",
     PAGES     = "063",
     doi       = "10.1088/1126-6708/2008/04/063",
     eprint         = "0802.1189",
     archivePrefix  = "arXiv",
     primaryClass   = "hep-ex",
}
@Article{Sjostrand:2006za,
      author         = "Sj{\"o}strand, Torbj{\"o}rn and Mrenna, Stephen and Skands, Peter",
      title          = "{PYTHIA} 6.4 physics and manual",
      journal        = "JHEP",
      volume         = "05",
      pages          = "026",
      doi            = "10.1088/1126-6708/2006/05/026",
      year           = "2006",
      eprint         = "hep-ph/0603175",
      archivePrefix  = "arXiv",
      primaryClass   = "hep-ph",
      reportNumber   = "FERMILAB-PUB-06-052-CD-T, LU-TP-06-13",
      SLACcitation   = "%%CITATION = HEP-PH/0603175;%%",
}
@INCOLLECTION{nu2,
    author        = "Giunti, C. and Laveder, M.",
    title         = "Neutrino mixing",
    booktitle     = "Developments in Quantum Physics",
    editor        = "Columbus, F. and Krasnoholovets, V.",
    publisher     = "Nova Science Publishers, Inc.",
    eprint        = "hep-ph/0310238",
    archivePrefix = "arXiv",
    primaryClass  = "hep-ph",
    year          = "2004",
    isbn          = "1-59454-003-9"
}
