@article{PhysRevLett.109.222301,
  author = {Chatrchyan, S. \it{et al}},
  title = {Observation of Sequential $\ensuremath{\Upsilon}$ Suppression in
	PbPb Collisions},
  journal = {Phys. Rev. Lett.},
  year = {2012},
  volume = {109},
  pages = {222301},
  month = {Nov},
  collaboration = {CMS Collaboration},
  doi = {10.1103/PhysRevLett.109.222301},
  issue = {22},
  numpages = {15},
  publisher = {American Physical Society},
  timestamp = {2015.07.23},
  url = {http://link.aps.org/doi/10.1103/PhysRevLett.109.222301}
}
@article{Moneta:2010pm,
      author         = "Moneta, Lorenzo and Belasco, Kevin and Cranmer, Kyle S.
                        and Kreiss, S. and Lazzaro, Alfio and Piparo, Danilo and
                        Schott, Gregory and Verkerke, Wouter and Wolf, Matthias",
      title          = "{The RooStats Project}",
      booktitle      = "{Proceedings, 13th International Workshop on Advanced
                        computing and analysis techniques in physics research
                        (ACAT2010)}",
      journal        = "PoS",
      volume         = "ACAT2010",
      year           = "2010",
      pages          = "057",
      eprint         = "1009.1003",
      archivePrefix  = "arXiv",
      primaryClass   = "physics.data-an",
      SLACcitation   = "%%CITATION = ARXIV:1009.1003;%%"
}

@article{tHooft:1972fi,
      author         = "'t Hooft, Gerard and Veltman, M. J. G.",
      title          = "{Regularization and Renormalization of Gauge Fields}",
      journal        = "Nucl. Phys.",
      volume         = "B44",
      year           = "1972",
      pages          = "189-213",
      doi            = "10.1016/0550-3213(72)90279-9",
      SLACcitation   = "%%CITATION = NUPHA,B44,189;%%"
}
@article{CMS-PAS-BPH-12-006,
      author = "CMS Collaboration", 
      title         = "{$\Upsilon$(1S), $\Upsilon$(2S) and $\Upsilon$(3S) cross section
                       measurements in pp collisions at $\sqrt{s}$ = 7 TeV}",
      institution   = "CERN",
      collaboration = "CMS Collaboration",
      address       = "Geneva",
      journal        = "CMS-PAS-BPH-12-006",
      year          = "2013",
      reportNumber  = "CMS-PAS-BPH-12-006",
      url           = "http://cds.cern.ch/record/1548008",
}

@article{Sjostrand:2006za,
      author         = "Sjostrand, T. and Mrenna, S. and Skands, P. Z.",
      title          = "{PYTHIA 6.4 Physics and Manual}",
      journal        = "JHEP",
      volume         = "05",
      year           = "2006",
      pages          = "026",
      doi            = "10.1088/1126-6708/2006/05/026",
      eprint         = "hep-ph/0603175",
      archivePrefix  = "arXiv",
      primaryClass   = "hep-ph",
      reportNumber   = "FERMILAB-PUB-06-052-CD-T, LU-TP-06-13",
      SLACcitation   = "%%CITATION = HEP-PH/0603175;%%"
}
@article{CMS_AN_2009-111,
    AUTHOR       = "N. Adam, J. Berryhill, V. Halyo, A. Hunt, K. Mishra",
    TITLE        = "Generic Tag and Probe Tool for Measuring Efficiency at CMS with Early Data",
    JOURNAL      = "CMS Analysis Note",
    VOLUME       = "\href{http://cms.cern.ch/iCMS/jsp/openfile.jsp?tp=draft&files=AN2009_111_v1.pdf}{2009/111}",
    YEAR         = "2009"
}
@article{Baglin:1990iv,
      author         = "Baglin, C. and others",
      title          = "{The Production of $J/\psi$ in 200-{GeV}/nucleon Oxygen
                        Uranium Interactions}",
      collaboration  = "NA38",
      journal        = "Phys. Lett.",
      volume         = "B220",
      year           = "1989",
      pages          = "471-478",
      doi            = "10.1016/0370-2693(89)90905-2",
      SLACcitation   = "%%CITATION = PHLTA,B220,471;%%"
}
@article{Abreu:2000xe,
      author         = "Abreu, M. C. and others",
      title          = "{Transverse momentum distributions of J / psi, psi-prime,
                        Drell-Yan and continuum dimuons produced in Pb Pb
                        interactions at the SPS}",
      collaboration  = "NA50",
      journal        = "Phys. Lett.",
      volume         = "B499",
      year           = "2001",
      pages          = "85-96",
      doi            = "10.1016/S0370-2693(01)00019-3",
      reportNumber   = "CERN-EP-2000-141",
      SLACcitation   = "%%CITATION = PHLTA,B499,85;%%"
}
@article{Abreu:2000ni,
      author         = "Abreu, M. C. and others",
      title          = "{Evidence for deconfinement of quarks and gluons from the
                        J / psi suppression pattern measured in Pb + Pb collisions
                        at the CERN SPS}",
      collaboration  = "NA50",
      journal        = "Phys. Lett.",
      volume         = "B477",
      year           = "2000",
      pages          = "28-36",
      doi            = "10.1016/S0370-2693(00)00237-9",
      reportNumber   = "CERN-EP-2000-013",
      SLACcitation   = "%%CITATION = PHLTA,B477,28;%%"
}


@article{Abreu:1997jh,
      author         = "Abreu, M. C. and others",
      title          = "{Anomalous J / psi suppression in Pb - Pb interactions at
                        158 GeV/c per nucleon}",
      collaboration  = "NA50",
      journal        = "Phys. Lett.",
      volume         = "B410",
      year           = "1997",
      pages          = "337-343",
      doi            = "10.1016/S0370-2693(97)00915-5",
      SLACcitation   = "%%CITATION = PHLTA,B410,337;%%"
}

@article{Alessandro:2004ap,
      author         = "Alessandro, B. and others",
      title          = "{A New measurement of J/psi suppression in Pb-Pb
                        collisions at 158-GeV per nucleon}",
      collaboration  = "NA50",
      journal        = "Eur. Phys. J.",
      volume         = "C39",
      year           = "2005",
      pages          = "335-345",
      doi            = "10.1140/epjc/s2004-02107-9",
      eprint         = "hep-ex/0412036",
      archivePrefix  = "arXiv",
      primaryClass   = "hep-ex",
      reportNumber   = "CERN-PH-EP-2004-052",
      SLACcitation   = "%%CITATION = HEP-EX/0412036;%%"
}


@article{HIZpaper,
            author         = "Chatrchyan, S. and others",
            title          = "{Study of Z boson production in PbPb
                        collisions at $\sqrt{s_{NN}} = 2.76$ TeV}",
journal        = "Phys. Rev. Lett.",
volume         = "106",
pages          = "212301",
doi            = "10.1103/PhysRevLett.106.212301",
year           = "2011",
eprint         = "arXiv:1102.5435",
archivePrefix  = "arXiv",
primaryClass   = "nucl-ex",
}

@article{HIPsiPaper,
            author         = "Chatrchyan, S. and others",
            title          = "{Measurement of prompt $\psi$(2S) to J/$\psi$ yield ratios in PbPb and p-p collisions at $\sqrt{s_{NN}} = 2.76$ TeV}",
            collaboration  = "CMS",
            journal        = "Physical Review Letters",
            volume         = "113",
            pages          = "262301",
            doi            = "10.1103/PhysRevLett.113.262301",
            year           = "2014",
            eprint         = "",
            archivePrefix  = "arXiv",
            primaryClass   = "nucl-ex",
}


@article{yukawa,
  title={On the Interaction of Elementary Particles. I},
  author={Yukawa, H.},
  journal={Proceedings of the Physico-Mathematical Society of Japan. 3rd Series},
  volume={17},
  number={ },
  pages={48-57},
  year={1935},
  doi={}
}

@article{longrangeqcd,
      author         = "Fujii, H. and Kharzeev, D.",
      title          = "{Long range forces of QCD}",
      journal        = "Phys. Rev.",
      volume         = "D60",
      year           = "1999",
      pages          = "114039",
      doi            = "10.1103/PhysRevD.60.114039",
      eprint         = "hep-ph/9903495",
      archivePrefix  = "arXiv",
      primaryClass   = "hep-ph",
   }

@article{heisenberg,
author = "Heisenberg, W.",
journal = "Zeits. f. Phys.",
year = "1932",
volume = "11",
pages = "1"
}

@article{eightfoldway,
 author = "Gell-Mann, M.",
 title          = "{The Eightfold Way: A Theory of Strong Interaction Symmetry}",
 journal        = "California Institute of Technology Report",
 year           = "1961",  
 reportNumber  = "CTSL-20"
}
@article{omegabaryon,
  title = {Observation of a Hyperon with Strangeness Minus Three},
  author = {Barnes, V. E. and others},
  journal = {Phys. Rev. Lett.},
  volume = {12},
  pages = {204--206},
  year = {1964},
  publisher = {American Physical Society}
}

@article{GM_omega,
  title = "Symmetries of Baryons and Mesons.",
  author = {Gell-Mann, M.},
  journal = "Phys. Rev.",
  year = {1962},
  volume = {125},
  pages = {1067--1084}
}

@article{Okubo,
title = "Note on Unitary Symmetry in Strong Interactions.",
author = {Okubo, S.},
journal = "Prog. Theor. Phys. (Kyoto)",
volume = {27},
year = {1962},
pages = {949--966}
}


@article{neeman,
title = "Derivation of Strong Interactions from a Gauge Invariance.",
author = {Ne'eman, Y.},
journal = "Nucl. Phys.",
volume = {26},
year = {1961},
pages = {222--229}
}


@article{gluon_ellis,
      author         = "Ellis, J.",
      title          = "{The Discovery of the Gluon}",
      journal        = "Int. J. Mod. Phys.",
      volume         = "A29",
      year           = "2014",
      number         = "31",
      eprint         = "arXiv:1409.4232",
      primaryClass   = "hep-ph",
}
@article{qqg,
      author        = "Ellis, J. R. and Gaillard, M. K. and
                       Ross, G. G.",
      title         = "{Search for gluons in $e^+ e^-$ annihilation}",
      journal       = "Nucl. Phys. B",
      number        = "2",
      volume        = "111",
      pages         = "253-71",
      year          = "1976",
      url           = "http://cds.cern.ch/record/873992"
}

@article{tasso_g,
      author         = "Brandelik, R. and others",
      title          = "{Evidence for Planar Events in $e^+ e^-$ Annihilation at
                        High-Energies}",
      collaboration  = "TASSO",
      journal        = "Phys. Lett.",
      volume         = "B86",
      year           = "1979",
      pages          = "243"
}

@article{wiik,
      author         = "Wiik, B. H.",
      title          = "{First Results from PETRA}",
      booktitle      = "{7th International Conference on Neutrinos, Weak Interactions and Cosmology - Neutrino 79 Bergen, Norway, June 18-22, 1979}",
      journal        = "Conf. Proc.",
      volume         = "C7906181",
      year           = "1979",
      pages          = "113-154"
    }

@book{qcd_book,
    author    = "Dissertori, G. and Knowles, I. G. and Schmelling, M.",
    title     = "Quantum Chromodynamics - High Energy Experiments and Theory (2nd edition)",
    year      = "2003",
    publisher = "Oxford University Press",
    address   = "New York"
}

@book{1962_GM_omega,
 author =  "Gell-Mann, M. and Fritzsch, H.",
 title = "Selected Papers",
 volume = "ISBN:978-981-283-685-4",
 year = "2010",
 publisher = "World Scientific"
}

@article{GIM,
  title = {Weak Interactions with Lepton-Hadron Symmetry},
  author = {Glashow, S. L. and Iliopoulos, J. and Maiani, L.},
  journal = {Phys. Rev. D},
  volume = {2},
  issue = {7},
  pages = {1285--1292},
  year = {1970},
}

@article{SLACbeamline,
 title = {The November Revolution},
author= {Gilman, F.},
journal = {SLAC Beam Line},
volume = {16},
issue = {1},
year = {1985},
pages = {3-4},
url = {https://www.slac.stanford.edu/history/pubs/gilmannov.pdf},
}

@article{repem,
      author         = "Gonsalves, Richard J.",
      title          = "{Perturbative QCD at High Energy Colliders}",
      booktitle      = "{50+ years of high energy physics. Proceedings,
                        Symposium, Buffalo, USA, October 20-21, 2006}",
      journal        = "Int. J. Mod. Phys.",
      volume         = "E17",
      year           = "2008",
      pages          = "870-890",
}

@book{lai,
author = "Lai, C. H.",
title = "Selected Papers on Gauge Theory of Weak and Electromagnetic Interactions",
pages = "25--26",
publisher ="World Scientific Publishing" ,
address = "Singapore",
}

@misc{luigi_gauge,
  title = {A brief discussion on Gauge Theories},
  howpublished = {\url{http://www.damtp.cam.ac.uk/user/ch558/pdf/Gauge_theories.pdf}},
  note = {Accessed: 2015-08-30}
}

@misc{machine,
  title = {LHC Machine Outreach},
  howpublished = {\url{http://lhc-machine-outreach.web.cern.ch/lhc-machine-outreach/}},
  note = {Accessed: 2015-10-20}
}


@article{Evans:2008zzb,
      author         = "Evans, Lyndon and Bryant, Philip",
      title          = "{LHC Machine}",
      journal        = "JINST",
      volume         = "3",
      year           = "2008",
      pages          = "S08001",
      doi            = "10.1088/1748-0221/3/08/S08001",
      SLACcitation   = "%%CITATION = JINST,3,S08001;%%"
}



@article{GIM_mechanism,
      author         = "Glashow, S. L. and Iliopoulos, J. and Maiani, L.",
      title          = "{Weak Interactions with Lepton-Hadron Symmetry}",
      journal        = "Phys. Rev.",
      volume         = "D2",
      year           = "1970",
      pages          = "1285-1292"
}

@article{psi_slac,
author = "Richter, B.",
title = "Total Hadron Cross Section, New Particles, and Muon Electron Events in $e^{+}e^{-}$ Annihilation at SPEAR",
journal ="SLAC-PUB-1706",
}

@article{psi_bnl,
  title = {Experimental Observation of a Heavy Particle $J$},
  author = {Aubert, J. J. and Becker, U. and Biggs, P. J. and Burger, J. and Chen, M. and Everhart, G. and Goldhagen, P. and Leong, J. and McCorriston, T. and Rhoades, T. G. and Rohde, M. and Ting, Samuel C. C. and Wu, Sau Lan and Lee, Y. Y.},
  journal = {Phys. Rev. Lett.},
  volume = {33},
  issue = {23},
  pages = {1404--1406},
  numpages = {0},
  year = {1974},
  month = {Dec},
  publisher = {American Physical Society}
}

@book{wilde,
author = "Wilde, O.",
title = "The Importance of Being Earnest, A Trivial Comedy for Serious People ",
}

@article{lederman,
  title = {Observation of a Dimuon Resonance at 9.5 GeV in 400-GeV Proton-Nucleus Collisions},
  author = {Herb, S. W. and Hom, D. C. and Lederman, L. M. and Sens, J. C. and Snyder, H. D. and Yoh, J. K. and Appel, J. A. and Brown, B. C. and Brown, C. N. and Innes, W. R. and Ueno, K. and Yamanouchi, T. and Ito, A. S. and J\"ostlein, H. and Kaplan, D. M. and Kephart, R. D.},
  journal = {Phys. Rev. Lett.},
  volume = {39},
  issue = {5},
  pages = {252--255},
  numpages = {0},
  year = {1977},
  month = {Aug},
  publisher = {American Physical Society},
}

@article{xbz_l3,
      author         = "Adeva, B. and others",
      title          = "{A Test of QCD based on four jet events from $Z^0$ decays}",
      collaboration  = "L3",
      journal        = "Phys. Lett.",
      volume         = "B248",
      year           = "1990",
      pages          = "227-234",
       doi            = "10.1016/0370-2693(90)90043-6",
       reportNumber   = "L3-012",
       SLACcitation   = "%%CITATION = PHLTA,B248,227;%%"
}
@article{xbz,
      author         = "Bengtsson, M. and Zerwas, P. M.",
      title          = "{Four Jet Events in $e^+ e^-$ Annihilation: Testing the Three
                        Gluon Vertex}",
      journal        = "Phys. Lett.",
      volume         = "B208",
      year           = "1988",
      pages          = "306",
       doi            = "10.1016/0370-2693(88)90435-2",
       reportNumber   = "PITHA-88/04",
       SLACcitation   = "%%CITATION = PHLTA,B208,306;%%"
}

@inproceedings{webber2,
      author        = "Webber, B. R.",
      title         = "{QCD phenomenology at high energy. Chapter 2}",
      organization  = "CERN",
      publisher     = "CERN",
      address       = "Geneva",
      pages         = "Streaming video",
      month         = "Feb",
      year          = "2008",
      url           = "http://cds.cern.ch/record/1082256",
      note          = "CERN, Geneva, 18 - 22 Feb 2008",
}
@inproceedings{webber3,
      author        = "Webber, B. R.",
      title         = "{QCD phenomenology at high energy. Chapter 3}",
      organization  = "CERN",
      publisher     = "CERN",
      address       = "Geneva",
      pages         = "Slides from streaming video",
      month         = "Feb",
      year          = "2008",
      url           = "http://www.hep.phy.cam.ac.uk/theory/webber/QCDlect3.pdf",
}
@inproceedings{webber1,
      author        = "Webber, B. R.",
      title         = "{QCD phenomenology at high energy. Chapter 1}",
      organization  = "CERN",
      publisher     = "CERN",
      address       = "Geneva",
      pages         = "Slides from streaming video",
      month         = "Feb",
      year          = "2008",
      url           = "http://www.hep.phy.cam.ac.uk/theory/webber/QCDlect1.pdf",
}

@article{Bethke,
      author         = "Bethke, S.",
      title          = "{Eleven years of QCD at LEP}",
      booktitle      = "{LEP Fest 2000 Geneva, Switzerland, October 10-11, 2000}",
      journal        = "Eur. Phys. J.direct",
      volume         = "C4",
      year           = "2002",
      pages          = "1",
      eprint         = "hep-ex/0112032",
      archivePrefix  = "arXiv",
      primaryClass   = "hep-ex",
       reportNumber   = "MPI-PHE-2001-17",
       SLACcitation   = "%%CITATION = HEP-EX/0112032;%%"
}

@article{Kogler,
      author         = "Kogler, R.",
      title          = "{Precision jet measurements at HERA and determination of
                        $\alpha_s$}",
      booktitle      = "{New trends in HERA physics. Proceedings, Ringberg
                        Workshop, HERA Physics 2011, Tegernsee, Germany, September
                        25-28, 2011}",
      journal        = "Nucl. Phys. Proc. Suppl.",
      volume         = "222-224",
      year           = "2012",
      pages          = "81-93",
      doi            = "10.1016/j.nuclphysbps.2012.03.009",
      eprint         = "arXiv:1112.5117",
      archivePrefix  = "arXiv",
      primaryClass   = "hep-ex",
       SLACcitation   = "%%CITATION = ARXIV:1112.5117;%%"
}

@inproceedings{Paul,
      author         = "Paul, E.",
      title          = "{Inclusive-jet photoproduction at HERA and determination
                        of $\alpha_s$}",
      booktitle      = "{Proceedings, 20th International Workshop on
                        Deep-Inelastic Scattering and Related Subjects (DIS
                        2012)}",
      collaboration  = "ZEUS",
      year           = "2012",
      pages          = "729-732",
      doi            = "10.3204/DESY-PROC-2012-02/43",
       SLACcitation   = "%%CITATION = INSPIRE-1229613;%%"
}

@article{H1Charm,
      author         = "Cooper-Sarkar, A.",
      title          = "{Determination of Charm Quark Mass and $\alpha_s(M_Z)$
                        from HERA data}",
      booktitle      = "{International Workshop on Determination of the
                        Fundamental Parameters of QCD Nanyang Technological
                        University, Singapore, March 18-21, 2013}",
      collaboration  = "ZEUS, H1",
      journal        = "Mod. Phys. Lett.",
      volume         = "A28",
      year           = "2013",
      number         = "26",
      pages          = "1360017",
      doi            = "10.1142/S0217732313600171",
      eprint         = "arXiv:1307.7875",
      archivePrefix  = "arXiv",
       SLACcitation   = "%%CITATION = ARXIV:1307.7875;%%"
}
@article{HERA_END,
      author         = "Abramowicz, H. and others",
      title          = "{Combination of Measurements of Inclusive Deep Inelastic
                        $e^{\pm}p$ Scattering Cross Sections and QCD Analysis of
                        HERA Data}",
      collaboration  = "ZEUS, H1",
      year           = "2015",
      eprint         = "arXiv:1506.06042",
      archivePrefix  = "arXiv",
      primaryClass   = "hep-ex",
      reportNumber   = "DESY-15-039",
       SLACcitation   = "%%CITATION = ARXIV:1506.06042;%%"
}
@article{Hagedorn,
      author         = "Hagedorn, R.",
      title          = "{Statistical thermodynamics of strong interactions at
                        high-energies}",
      journal        = "Nuovo Cim. Suppl.",
      volume         = "3",
      year           = "1965",
      pages          = "147-186",
      reportNumber   = "CERN-TH-520",
      SLACcitation   = "%%CITATION = NUCUA,3,147;%%"
}



@article{cabipari,
      author         = "Cabibbo, N. and Parisi, G.",
      title          = "{Exponential hadronic spectrum and the quark liberation}",
      journal        = "Phys. Lett. B",
      volume         = "59",
      year           = "1975",
      pages          = "67",
       reportNumber   = "CERN-TH-520",
       SLACcitation   = "%%CITATION = NUCUA,3,147;%%"
}

@article{lattice_g,
      author         = "Engels, J. and Karsch, F. and Satz, H. and Montvay, I.",
      title          = "{High Temperature SU(2) Gluon Matter on the Lattice}",
      journal        = "Phys. Lett.",
      volume         = "B101",
      year           = "1981",
      pages          = "89",
      doi            = "10.1016/0370-2693(81)90497-4",
       reportNumber   = "BI-TP-80-34",
       SLACcitation   = "%%CITATION = PHLTA,B101,89;%%"
}

@article{strickland_phase,
      author         = "Strickland, M.",
      title          = "{Anisotropic Hydrodynamics: Three lectures}",
      booktitle      = "{54th Cracow School of Theoretical Physics: QCD meets
                        experiment}",
      journal        = "Acta Phys. Polon.",
      volume         = "B45",
      year           = "2014",
      number         = "12",
      pages          = "2355-2394",
       doi            = "10.5506/APhysPolB.45.2355",
       eprint         = "arXiv:1410.5786",
     archivePrefix  = "arXiv",
       primaryClass   = "nucl-th",
       SLACcitation   = "%%CITATION = ARXIV:1410.5786;%%"
}
@article{starquenching,
      author         = "Adler, C. and others",
      title          = "{Disappearance of back-to-back high $p_{T}$ hadron
                        correlations in central Au+Au collisions at
                        $\sqrt{s_{NN}}$ = 200-GeV}",
      collaboration  = "STAR",
      journal        = "Phys. Rev. Lett.",
      volume         = "90",
      year           = "2003",
      pages          = "082302",
       doi            = "10.1103/PhysRevLett.90.082302",
       eprint         = "nucl-ex/0210033",
       archivePrefix  = "arXiv",
       primaryClass   = "nucl-ex",
       SLACcitation   = "%%CITATION = NUCL-EX/0210033;%%"
}




@article{Adams:2003im,
      author         = "Adams, J. and others",
      title          = "{Evidence from d + Au measurements for final state
                        suppression of high p(T) hadrons in Au+Au collisions at
                        RHIC}",
      collaboration  = "STAR",
      journal        = "Phys. Rev. Lett.",
      volume         = "91",
      year           = "2003",
      pages          = "072304",
      doi            = "10.1103/PhysRevLett.91.072304",
      eprint         = "nucl-ex/0306024",
      archivePrefix  = "arXiv",
      primaryClass   = "nucl-ex",
      SLACcitation   = "%%CITATION = NUCL-EX/0306024;%%"
}

@article{ppmult,
      author         = "Khachatryan, V. and others",
      title          = "{Transverse-momentum and pseudorapidity distributions of
                        charged hadrons in $pp$ collisions at $\sqrt{s}=7$ TeV}",
      collaboration  = "CMS",
      journal        = "Phys. Rev. Lett.",
      volume         = "105",
      year           = "2010",
      pages          = "022002",
      doi            = "10.1103/PhysRevLett.105.022002",
      eprint         = "arXiv:1005.3299",
       archivePrefix  = "arXiv",
       primaryClass   = "hep-ex",
       reportNumber   = "CERN-PH-EP-2010-009, CSM-QCD-10-006",
       SLACcitation   = "%%CITATION = ARXIV:1005.3299;%%"
}
@article{pbpbmult,
      author         = "Chatrchyan, S. and others",
      title          = "{Dependence on pseudorapidity and centrality of charged
                        hadron production in PbPb collisions at a nucleon-nucleon
                        centre-of-mass energy of 2.76 TeV}",
      collaboration  = "CMS",
      journal        = "JHEP",
      volume         = "08",
      year           = "2011",
      pages          = "141",
      doi            = "10.1007/JHEP08(2011)141",
      eprint         = "arXiv:1107.4800",
       archivePrefix  = "arXiv",
       primaryClass   = "nucl-ex",
       reportNumber   = "CERN-PH-EP-2011-092, CMS-HIN-10-001",
       SLACcitation   = "%%CITATION = ARXIV:1107.4800;%%"
}
@article{Adler:2004zn,
      author         = "Adler, S. S. and others",
      title          = "{Systematic studies of the centrality and s(NN)**(1/2)
                        dependence of the d E(T) / d eta and d (N(ch) / d eta in
                        heavy ion collisions at mid-rapidity}",
      collaboration  = "PHENIX",
      journal        = "Phys. Rev.",
      volume         = "C71",
      year           = "2005",
      pages          = "034908",
      doi            = "10.1103/PhysRevC.71.049901, 10.1103/PhysRevC.71.034908",
      note           = "[Erratum: Phys. Rev.C71,049901(2005)]",
      eprint         = "nucl-ex/0409015",
      archivePrefix  = "arXiv",
      primaryClass   = "nucl-ex",
      SLACcitation   = "%%CITATION = NUCL-EX/0409015;%%"
}
@article{Aamodt:2010cz,
      author         = "Aamodt, Kenneth and others",
      title          = "{Centrality dependence of the charged-particle
                        multiplicity density at mid-rapidity in Pb-Pb collisions
                        at $\sqrt{s_{NN}}=2.76$ TeV}",
      collaboration  = "ALICE",
      journal        = "Phys. Rev. Lett.",
      volume         = "106",
      year           = "2011",
      pages          = "032301",
      doi            = "10.1103/PhysRevLett.106.032301",
      eprint         = "1012.1657",
      archivePrefix  = "arXiv",
      primaryClass   = "nucl-ex",
      SLACcitation   = "%%CITATION = ARXIV:1012.1657;%%"
}
@article{Alver:2010ck,
      author         = "Alver, B. and others",
      title          = "{Phobos results on charged particle multiplicity and
                        pseudorapidity distributions in Au+Au, Cu+Cu, d+Au, and
                        p+p collisions at ultra-relativistic energies}",
      collaboration  = "PHOBOS",
      journal        = "Phys. Rev.",
      volume         = "C83",
      year           = "2011",
      pages          = "024913",
      doi            = "10.1103/PhysRevC.83.024913",
      eprint         = "1011.1940",
      archivePrefix  = "arXiv",
      primaryClass   = "nucl-ex",
      SLACcitation   = "%%CITATION = ARXIV:1011.1940;%%"
}

@article{melting,
      author         = "Matsui, T. and Satz, H.",
      title          = "{$J/\psi$ Suppression by Quark-Gluon Plasma Formation}",
      journal        = "Phys. Lett.",
      volume         = "B178",
      year           = "1986",
      pages          = "416",
      doi            = "10.1016/0370-2693(86)91404-8",
      reportNumber   = "BNL-38344",
      SLACcitation   = "%%CITATION = PHLTA,B178,416;%%"
}
@article{DeGrand,
      author         = "DeGrand, T. A. and DeTar, C. E.",
      title          = "{Static Screening Lengths in the Gluon Plasma}",
      journal        = "Phys. Rev.",
      volume         = "D34",
      year           = "1986",
      pages          = "2469",
      doi            = "10.1103/PhysRevD.34.2469",
      reportNumber   = "COLO-HEP-113, UU-HEP-86-2",
      SLACcitation   = "%%CITATION = PHRVA,D34,2469;%%"
}

@article{gatto,
      author         = "Barbieri, R. and Gatto, R. and Remiddi, E.",
      title          = "{Singular Binding Dependence in the Hadronic Widths of
                        1++ and 1+- Heavy Quark anti-Quark Bound States}",
      journal        = "Phys. Lett.",
      volume         = "B61",
      year           = "1976",
      pages          = "465",
      doi            = "10.1016/0370-2693(76)90729-2",
      reportNumber   = "CERN-TH-2128",
      SLACcitation   = "%%CITATION = PHLTA,B61,465;%%"
}

@article{Okubo:1963fa,
      author         = "Okubo, S.",
      title          = "{Phi meson and unitary symmetry model}",
      journal        = "Phys. Lett.",
      volume         = "5",
      year           = "1963",
      pages          = "165-168",
      doi            = "10.1016/S0375-9601(63)92548-9",
      SLACcitation   = "%%CITATION = PHLTA,5,165;%%"
}
@article{Iizuka:1966fk,
      author         = "Iizuka, Jugoro",
      title          = "{Systematics and phenomenology of meson family}",
      journal        = "Prog. Theor. Phys. Suppl.",
      volume         = "37",
      year           = "1966",
      pages          = "21-34",
      doi            = "10.1143/PTPS.37.21",
      SLACcitation   = "%%CITATION = PTPSA,37,21;%%"
}
@article{Zweig:570209,
      author        = "Zweig, G",
      title         = "{An SU$_3$ model for strong interaction symmetry and its
                       breaking; Version 2}",
      number        = "CERN-TH-412",
      pages         = "80 p",
      month         = "Feb",
      year          = "1964",
      url           = "https://cds.cern.ch/record/570209",
      note          = ""Version 1 is CERN preprint 8182/TH.401, Jan. 17, 1964"",
}

@article{CSM,
      author         = "Baier, R. and Ruckl, R.",
      title          = "{Hadronic Collisions: A Quarkonium Factory}",
      journal        = "Z. Phys.",
      volume         = "C19",
      year           = "1983",
      pages          = "251",
      doi            = "10.1007/BF01572254",
      reportNumber   = "BI-TP 83/02",
      SLACcitation   = "%%CITATION = ZEPYA,C19,251;%%"
}
@article{CDFnrqcd,
      author         = "Abulencia, A. and others",
      title          = "{Polarization of $J/\psi$ and $\psi_{2S}$ mesons produced
                        in $p \bar{p}$ collisions at $\sqrt{s}$ = 1.96-TeV}",
      collaboration  = "CDF",
      journal        = "Phys. Rev. Lett.",
      volume         = "99",
      year           = "2007",
      pages          = "132001",
      doi            = "10.1103/PhysRevLett.99.132001",
      eprint         = "0704.0638",
      archivePrefix  = "arXiv",
      primaryClass   = "hep-ex",
      reportNumber   = "FERMILAB-PUB-07-072-E",
      SLACcitation   = "%%CITATION = ARXIV:0704.0638;%%"
}
@article{CDFpsi,
      author         = "Abe, F. and others",
      title          = "{$J/\psi$ and $\psi(2S)$ production in $p\bar{p}$
                        collisions at $\sqrt{s} = 1.8$ TeV}",
      collaboration  = "CDF",
      journal        = "Phys. Rev. Lett.",
      volume         = "79",
      year           = "1997",
      pages          = "572-577",
      doi            = "10.1103/PhysRevLett.79.572",
      reportNumber   = "FERMILAB-PUB-97-024-E, CDF-PUB-BOTTOM-PUBLIC-3792,
                        FERMILAB-PUB-98-173-EJ",
      SLACcitation   = "%%CITATION = PRLTA,79,572;%%"
}
@article{nrqcd,
      author        = "Bodwin, G. T. and Braaten, E. and Lepage, G. P.",
      title         = "{Rigorous QCD analysis of inclusive annihilation and
                       production of heavy quarkonium}",
      journal       = "Phys. Rev. D",
      number        = "hep-ph/9407339. ANL-HEP-PR-94-24. FERMILAB-PUB-94-073-T.
                       NUHEP-TH-94-5",
      volume        = "51",
      pages         = "1125. 126 p",
      month         = "Jul",
      year          = "1994",
      reportNumber  = "hep-ph/9407339",
       url           = "http://cds.cern.ch/record/266449",
       note          = "Comments: Revised to clarify the velocity-scaling rules
                        for spin-flip transitions, to correct error estimates, and
                        to emphasize probabilities of Fock states, rather than
                        amplitudes, 117 pages in REVTEX plus 11 Postscript figures.
                        Erratum to Phys. Rev. D article included as a separate
                        file, 4 pages in REVTEX",
}
@article{Braaten:1994vv,
      author         = "Braaten, Eric and Fleming, Sean",
      title          = "{Color octet fragmentation and the psi-prime surplus at
                        the Tevatron}",
      journal        = "Phys. Rev. Lett.",
      volume         = "74",
      year           = "1995",
      pages          = "3327-3330",
      doi            = "10.1103/PhysRevLett.74.3327",
      eprint         = "hep-ph/9411365",
      archivePrefix  = "arXiv",
      primaryClass   = "hep-ph",
      reportNumber   = "NUHEP-TH-94-26",
      SLACcitation   = "%%CITATION = HEP-PH/9411365;%%"
}
@article{Amundson:1996qr,
      author         = "Amundson, J. F. and Eboli, Oscar J. P. and Gregores, E.
                        M. and Halzen, F.",
      title          = "{Quantitative tests of color evaporation: Charmonium
                        production}",
      journal        = "Phys. Lett.",
      volume         = "B390",
      year           = "1997",
      pages          = "323-328",
      doi            = "10.1016/S0370-2693(96)01417-7",
      eprint         = "hep-ph/9605295",
      archivePrefix  = "arXiv",
      primaryClass   = "hep-ph",
      reportNumber   = "MADPH-96-942",
      SLACcitation   = "%%CITATION = HEP-PH/9605295;%%"
}

@article{spectro,
      author         = "Richard, J.-M.",
      title          = "{An introduction to the quark model}",
      year           = "2012",
      eprint         = "arXiv:1205.4326",
      archivePrefix  = "arXiv",
      primaryClass   = "hep-ph",
      SLACcitation   = "%%CITATION = ARXIV:1205.4326;%%"
}
@article{nora,
      author         = "Brambilla, N. and others",
      title          = "{Heavy quarkonium: progress, puzzles, and opportunities}",
      journal        = "Eur. Phys. J.",
      volume         = "C71",
      year           = "2011",
      pages          = "1534",
      doi            = "10.1140/epjc/s10052-010-1534-9",
      eprint         = "arXiv:1010.5827",
      archivePrefix  = "arXiv",
      primaryClass   = "hep-ph",
       reportNumber   = "SLAC-R-996, TUM-EFT-11-10, CLNS-10-2066,
                         ANL-HEP-PR-10-44, ALBERTA-THY-11-10, CP3-10-37,
                         FZJ-IKP-TH-2010-24, INT-PUB-10-059, JLAB-THY-11-1308,
                         FERMILAB-PUB-10-737-T",
       SLACcitation   = "%%CITATION = ARXIV:1010.5827;%%"
}
@article{chib3p_lhcb,
      author         = "Aaij, Roel and others",
      title          = "{Measurement of the $\chi_b(3P)$ mass and of the relative
                        rate of $\chi_{b1}(1P)$ and $\chi_{b2}(1P)$ production}",
      collaboration  = "LHCb",
      journal        = "JHEP",
      volume         = "10",
      year           = "2014",
      pages          = "88",
      doi            = "10.1007/JHEP10(2014)088",
       eprint         = "arXiv:1409.1408",
       archivePrefix  = "arXiv",
       primaryClass   = "hep-ex",
       reportNumber   = "LHCB-PAPER-2014-040, CERN-PH-EP-2014-206",
       SLACcitation   = "%%CITATION = ARXIV:1409.1408;%%"
}
@article{chib3p,
      author         = "Aad, G. and others",
      title          = "{Observation of a new $\chi_b$ state in radiative
                        transitions to $\Upsilon(1S)$ and $\Upsilon(2S)$ at
                        ATLAS}",
      collaboration  = "ATLAS",
      journal        = "Phys. Rev. Lett.",
      volume         = "108",
      year           = "2012",
      pages          = "152001",
      doi            = "10.1103/PhysRevLett.108.152001",
       eprint         = "arXiv:1112.5154",
       archivePrefix  = "arXiv",
       primaryClass   = "hep-ex",
       reportNumber   = "CERN-PH-EP-2011-225",
       SLACcitation   = "%%CITATION = ARXIV:1112.5154;%%"
}
@article{compilSPS,
      author         = "Linnyk, O. and Bratkovskaya, E. L. and Cassing, W.",
      title          = "{Open and hidden charm in proton-nucleus and heavy-ion
                        collisions}",
      journal        = "Int. J. Mod. Phys.",
      volume         = "E17",
      year           = "2008",
      pages          = "1367-1439",
      doi            = "10.1142/S0218301308010507",
      eprint         = "arXiv:0808.1504",
      archivePrefix  = "arXiv",
      primaryClass   = "nucl-th",
      SLACcitation   = "%%CITATION = ARXIV:0808.1504;%%"
}
@article{Alessandro:2004ap,
      author         = "Alessandro, B. and others",
      title          = "{A New measurement of J/psi suppression in Pb-Pb
                        collisions at 158-GeV per nucleon}",
      collaboration  = "NA50",
      journal        = "Eur. Phys. J.",
      volume         = "C39",
      year           = "2005",
      pages          = "335-345",
      doi            = "10.1140/epjc/s2004-02107-9",
      eprint         = "hep-ex/0412036",
      archivePrefix  = "arXiv",
      primaryClass   = "hep-ex",
      reportNumber   = "CERN-PH-EP-2004-052",
      SLACcitation   = "%%CITATION = HEP-EX/0412036;%%"
}

@article{jpsiNA60,
  title = {$J/\ensuremath{\psi}$ Production in Indium-Indium Collisions at $158\text{ }\text{ }\mathrm{GeV}/\mathrm{\text{Nucleon}}$},
  author = {Arnaldi, R. and others},
  collaboration = {NA60 Collaboration},
  journal = {Phys. Rev. Lett.},
  volume = {99},
  issue = {13},
  pages = {132302},
  numpages = {4},
  year = {2007},
  month = {Sep},
  publisher = {American Physical Society},
  doi = {10.1103/PhysRevLett.99.132302},
   url = {http://link.aps.org/doi/10.1103/PhysRevLett.99.132302}
}
@article{GranierdeCassagnac:2007aj,
      author         = "Granier de Cassagnac, Raphael",
      title          = "{A d-Au data-driven prediction of cold nuclear matter
                        effects on J/psi production in Au-Au collisions at RHIC}",
      booktitle      = "{Proceedings, 19th International Conference on
                        Ultra-Relativistic nucleus-nucleus collisions (Quark
                        Matter 2006)}",
      journal        = "J. Phys.",
      volume         = "G34",
      year           = "2007",
      pages          = "S955-958",
      doi            = "10.1088/0954-3899/34/8/S134",
      eprint         = "hep-ph/0701222",
      archivePrefix  = "arXiv",
      primaryClass   = "hep-ph",
      SLACcitation   = "%%CITATION = HEP-PH/0701222;%%"
}

@misc{centralityRHIC,
  title = {Centrality Categorization and its Application to Physics Effects in High-Energy d+A Collisions },
  howpublished = {\url{https://www.phenix.bnl.gov/phenix/WWW/talk/archive/2014/ndww14/t2235.pdf}},
  note = {Accessed: 2015-09-15}
}


@misc{pileup,
  title = {CMS reconstruction improvements for tracking in large pile-up events},
author= {Rovere, Marco},
  howpublished = {\url{https://indico.cern.ch/event/304944/session/2/contribution/276/attachments/578474/796604/CHEP2015_MR_Tracking.pdf}},
  note = {Accessed: 2015-10-20}
}


@misc{commissioning,
  title = {LHC schedule beyond LS1},
  howpublished = {\url{http://lhc-commissioning.web.cern.ch/lhc-commissioning/schedule/LHC%20schedule%202015-2034%20FkBordry%202-december-2013.pdf}},
  note = {Accessed: 2015-09-30}
}

@misc{scomparinlhcp2014,
  title = {Quarkonia and heavy flavour: Where do we stand? What next?},
  howpublished = {\url{http://indico.cern.ch/event/279518/session/26/contribution/34/attachments/511730/706321/Enrico_LHCP14_noanim_short.pdf}},
  note = {Accessed: 2015-09-28}
}
@misc{vertesi,
  title = {Bottomonium in heavy ion collisions at STAR},
  howpublished = {\url{https://indico.triumf.ca/getFile.py/access?contribId=86&sessionId=38&resId=0&materialId=slides&confId=1922}},
  note = {Accessed: 2015-09-28}
}

@misc{strassler,
  title = {Data Parking at CMS},
  howpublished = {\url{http://profmattstrassler.com/articles-and-posts/lhcposts/triggering-advances-in-2012/data-parking-at-cms/}},
  note = {Accessed: 2015-10-05}
}

@misc{muo,
  title = {Muons in minimum-bias events at 7 TeV in CMS: data-MC comparisons for a few basic kinematic distributions},
author = {The CMS Muon Physics Object Group (Muon POG)}
  howpublished = {\url{https://twiki.cern.ch/twiki/pub/CMSPublic/PhysicsResultsMUO/DP2010_020_update2010_07_19.pdf
}},
  note = {Accessed: 2015-10-20}
}

@misc{muonpog,
  title = {CMS Muon Results},
author = {The CMS Muon Physics Object Group (Muon POG)}
  howpublished = {\url{https://twiki.cern.ch/twiki/bin/view/CMSPublic/PhysicsResultsMUO}},
  note = {Accessed: 2015-10-20}
}

@misc{L1bits,
  title = {Global Muon Trigger emulator TWiki},
author = {The CMS Offline Software Guide},
  howpublished = {\url{https://twiki.cern.ch/twiki/bin/view/CMSPublic/SWGuideL1GMTEmulator#Quality_code}},
  note = {Accessed: 2015-10-21}
}


@misc{jowett,
  title = {Lead Ions in the LHC},
author = {Jowett, J., LHC Experiment Accelerator Data Exchange Working Group},
  howpublished = {\url{https://lhc-data-exchange.web.cern.ch/lhc-data-exchange/jowett_feb04.pdf}},
  note = {Accessed: 2015-10-23}
}

@misc{lumi,
  title = {CMS Luminosity - Public results},
author = {CMSPublic TWiki page},
  howpublished = {\url{https://twiki.cern.ch/twiki/bin/view/CMSPublic/LumiPublicResults}},
  note = {Accessed: 2015-10-29}
}

@misc{atlasHI,
  title = {ATLAS Experiment - Public results (Heavy Ions WG)},
author = {ATLASPublic TWiki page},
  howpublished = {\url{https://twiki.cern.ch/twiki/bin/view/AtlasPublic/HeavyIonsPublicResults}},
  note = {Accessed: 2015-10-29}
}

@misc{CMSHI,
  title = {CMS Heavy-Ion Public Physics Results},
author = {CMSPublic TWiki page},
  howpublished = {\url{https://twiki.cern.ch/twiki/bin/view/CMSPublic/PhysicsResultsHIN}},
 note = {Accessed: 2015-10-29}
}

@misc{ALICE,
  title = {ALICE Public Results},
author = {ALICEPublic TWiki page},
  howpublished = {\url{https://twiki.cern.ch/twiki/bin/view/ALICEpublic/ALICEPublicResults}},
 note = {Accessed: 2015-10-29}
}
@misc{LHCbHI,
  title = {Recent LHCb Results},
author = {LHCb Public portal},
  howpublished = {\url{http://lhcb.web.cern.ch/lhcb/lhcb_page/operations/physics_results/recent_lhcb_results/Default.html}},
 note = {Accessed: 2015-10-29}
}


@misc{URSS,
  title = {Using Russian navy shells},
  author = {Lucas Taylor},
  howpublished = {\url{http://cms.web.cern.ch/news/using-russian-navy-shells}},
 note = {Accessed: 2015-10-28}
}

@misc{RPC,
  title = {Resistive Plate Chambers},
  author = {Lucas Taylor},
  howpublished = {\url{http://cms.web.cern.ch/news/resistive-plate-chambers}},
 note = {Accessed: 2015-10-29}
}

@misc{hermine,
  title = {Critical review of quarkonium production results at hadron colliders},
  author = {Hermine Woehri},
  howpublished = {\url{https://indico.cern.ch/event/278195/contribution/104}},
 note = {Accessed: 2015-10-02}
}

@misc{minos,
  title = {class ROOT::Minuit2::MnMinos},
  author = {The ROOT data analysis framework},
  howpublished = {\url{https://root.cern.ch/root/html/ROOT__Minuit2__MnMinos.html}}
}

@misc{root-chi2,
 title = {ROOT method TMath::Prob},
author = {The ROOT data analysis framework},
howpublished = {\url{https://root.cern.ch/root/html524/TMath.html#TMath:Prob}}
}

@misc{saclaycons,
 title = {Procédure de soutenance de doctorat},
author = {Monsieur Pierre-Jacques Henri, Université Paris-Saclay}
howpublished ={\url{https://www.universite-paris-saclay.fr/sites/default/files/2015_10_29_procedure_de_soutenance.pdf}}
}
@article{jpsiphenix,
  title = {$J/\ensuremath{\psi}$ Production versus Centrality, Transverse Momentum, andRapidity in $\mathrm{Au}+\mathrm{Au}$ Collisions at $\sqrt{{s}_{NN}}=200\text{ }\text{ }\mathrm{GeV}$},
  author = {Adare, A. and others},
  collaboration = {PHENIX Collaboration},
  journal = {Phys. Rev. Lett.},
  volume = {98},
  issue = {23},
  pages = {232301},
  numpages = {6},
  year = {2007},
  month = {Jun},
  publisher = {American Physical Society},
  doi = {10.1103/PhysRevLett.98.232301},
  url = {http://link.aps.org/doi/10.1103/PhysRevLett.98.232301}
}

@article{jpsiphenixdAu,
      author         = "Adare, A. and others",
      title          = "{Nuclear Modification of $\psi$(2S), $\chi_c$, and J/$\psi$
                        Production in d+Au Collisions at $\sqrt{s_{NN}}=200$ GeV}",
      collaboration  = "PHENIX",
      journal        = "Phys. Rev. Lett.",
      volume         = "111",
      year           = "2013",
      number         = "20",
      pages          = "202301",
      doi            = "10.1103/PhysRevLett.111.202301",
      eprint         = "arXiv:1305.5516",
      archivePrefix  = "arXiv",
      primaryClass   = "nucl-ex",
       SLACcitation   = "%%CITATION = ARXIV:1305.5516;%%"
}
@article{jpsiphenixdAupt,
      author         = "Adare, A. and others",
      title          = "{Transverse-Momentum Dependence of the $J/\psi$ Nuclear
                        Modification in $d+$Au Collisions at $\sqrt{s_{NN}}=200$
                        GeV}",
      collaboration  = "PHENIX",
      journal        = "Phys. Rev.",
      volume         = "C87",
      year           = "2013",
      number         = "3",
      pages          = "034904",
      doi            = "10.1103/PhysRevC.87.034904",
      eprint         = "arXiv:1204.0777",
      archivePrefix  = "arXiv",
      primaryClass   = "nucl-ex",
      SLACcitation   = "%%CITATION = ARXIV:1204.0777;%%"
}

@article{jpsiphenixdAuy,
  title = {$J/\ensuremath{\psi}$ Production and Nuclear Effects for $d+\mathrm{Au}$ and $p+p$ Collisions at $\sqrt{{s}_{NN}}=200\text{ }\text{ }\mathrm{GeV}$},
  author = {Adler, S. S. and others},
  collaboration = {PHENIX Collaboration},
  journal = {Phys. Rev. Lett.},
  volume = {96},
  issue = {1},
  pages = {012304},
  numpages = {6},
  year = {2006},
  month = {Jan},
  publisher = {American Physical Society},
  doi = {10.1103/PhysRevLett.96.012304},
  url = {http://link.aps.org/doi/10.1103/PhysRevLett.96.012304}
}
@article{jpsiALICE,
      author         = "Abelev, B. and others",
      title          = "{Centrality, rapidity and transverse momentum dependence
                        of $J/\psi$ suppression in Pb-Pb collisions at
                        $\sqrt{s_{\rm NN}}$=2.76 TeV}",
      collaboration  = "ALICE",
      journal        = "Phys. Lett.",
      volume         = "B734",
      year           = "2014",
      pages          = "314-327",
      doi            = "10.1016/j.physletb.2014.05.064",
      eprint         = "arXiv:1311.0214",
      archivePrefix  = "arXiv",
      primaryClass   = "nucl-ex",
      reportNumber   = "CERN-PH-EP-2013-203",
      SLACcitation   = "%%CITATION = ARXIV:1311.0214;%%"
}

@article{torsten,
      author         = "Chatrchyan, S. and others",
      title          = "{Suppression of non-prompt $J/\psi$, prompt $J/\psi$, and
                        $\Upsilon$(1S) in PbPb collisions at $\sqrt{s_{NN}}=2.76$ TeV}",
      collaboration  = "CMS",
      journal        = "JHEP",
      volume         = "05",
      year           = "2012",
      pages          = "063",
      doi            = "10.1007/JHEP05(2012)063",
      eprint         = "arXiv:1201.5069",
      archivePrefix  = "arXiv",
      primaryClass   = "nucl-ex",
      reportNumber   = "CMS-HIN-10-006, CERN-PH-EP-2011-170",
      SLACcitation   = "%%CITATION = ARXIV:1201.5069;%%"
}
@article{12014,
      author = "CMS Collaboration",
      title         = "{J/$psi$ results from CMS in PbPb collisions, with 150 $\mu$b$^{-1}$
                       data}",
      institution   = "CERN",
      collaboration = "CMS Collaboration",
      address       = "Geneva",
      journal        = "CMS-PAS-HIN-12-014",
      year          = "2012",
      url           = "http://cds.cern.ch/record/1472735",
}
@article{14009,
      author = "CMS Collaboration",
      title         = "{J/$\psi$ production in pPb collisions}",
      institution   = "CERN",
      collaboration = "CMS Collaboration",
      address       = "Geneva",
      journal        = "CMS-PAS-HIN-14-009",
      year          = "2015",
         url           = "http://cds.cern.ch/record/2044699",
}
@article{CMS:2010oua,
      title          = "{Measurement of Momentum Scale and Resolution of the CMS
                        Detector using Low-mass Resonances and Cosmic Ray Muons}",
      collaboration  = "CMS",
      year           = "2010",
      reportNumber   = "CMS-PAS-TRK-10-004",
      SLACcitation   = "%%CITATION = CMS-PAS-TRK-10-004;%%"
}

@article{Aad:2014rra,
      author         = "Aad, Georges and others",
      title          = "{Measurement of the muon reconstruction performance of
                        the ATLAS detector using 2011 and 2012 LHC proton–proton
                        collision data}",
      collaboration  = "ATLAS",
      journal        = "Eur. Phys. J.",
      volume         = "C74",
      year           = "2014",
      number         = "11",
      pages          = "3130",
      doi            = "10.1140/epjc/s10052-014-3130-x",
      eprint         = "1407.3935",
      archivePrefix  = "arXiv",
      primaryClass   = "hep-ex",
      reportNumber   = "CERN-PH-EP-2014-151",
      SLACcitation   = "%%CITATION = ARXIV:1407.3935;%%"
}

@article{atlasUpsilon7tev,
  title = {Measurement of upsilon production in 7 TeV $pp$ collisions at ATLAS},
  author = {Aad, G. and others},
  collaboration = {ATLAS Collaboration},
  journal = {Phys. Rev. D},
  volume = {87},
  issue = {5},
  pages = {052004},
  numpages = {31},
  year = {2013},
  month = {Mar},
   publisher = {American Physical Society},
   doi = {10.1103/PhysRevD.87.052004},
   url = {http://link.aps.org/doi/10.1103/PhysRevD.87.052004}
}
@article{cmsUpsi1,
      author         = "Chatrchyan, S. and others",
      title          = "{Measurement of the $\Upsilon(1S), \Upsilon(2S)$, and
                        $\Upsilon(3S)$ cross sections in pp collisions at
                        $\sqrt{s}$ = 7 TeV}",
      collaboration  = "CMS",
      journal        = "Phys. Lett.",
      volume         = "B727",
      year           = "2013",
      pages          = "101-125",
      doi            = "10.1016/j.physletb.2013.10.033",
      eprint         = "arXiv:1303.5900",
      archivePrefix  = "arXiv",
      primaryClass   = "hep-ex",
       reportNumber   = "CMS-BPH-11-001, CERN-PH-EP-2012-373",
       SLACcitation   = "%%CITATION = ARXIV:1303.5900;%%"
}
@article{cmsUpsi2,
      author         = "Khachatryan, V. and others",
      title          = "{Measurements of the $\Upsilon$(1S), $\Upsilon$(2S), and
                        $\Upsilon$(3S) differential cross sections in pp
                        collisions at $\sqrt{s} =$ 7 TeV}",
      collaboration  = "CMS",
      journal        = "Phys. Lett.",
      volume         = "B749",
      year           = "2015",
      pages          = "14-34",
      doi            = "10.1016/j.physletb.2015.07.037",
      eprint         = "arXiv:1501.07750",
      archivePrefix  = "arXiv",
      primaryClass   = "hep-ex",
       reportNumber   = "CMS-BPH-12-006, CERN-PH-EP-2015-007",
       SLACcitation   = "%%CITATION = ARXIV:1501.07750;%%"
}
@article{lhcbUpsi1,
      author         = "Aaij, R and others",
      title          = "{Measurement of Upsilon production in pp collisions at
                        $\sqrt{s}$ = 7 TeV}",
      collaboration  = "LHCb",
      journal        = "Eur. Phys. J.",
      volume         = "C72",
      year           = "2012",
      pages          = "2025",
      doi            = "10.1140/epjc/s10052-012-2025-y",
      eprint         = "arXiv:1202.6579",
      archivePrefix  = "arXiv",
      primaryClass   = "hep-ex",
      reportNumber   = "CERN-PH-EP-2012-051, LHCB-PAPER-2011-036",
      SLACcitation   = "%%CITATION = ARXIV:1202.6579;%%"
}
@article{lhcbUpsi2,
      author         = "Aaij, R and others",
      title          = "{Production of $J/\psi$ and $\Upsilon$ mesons in $pp$
                        collisions at $\sqrt{s} = 8$ TeV}",
      collaboration  = "LHCb",
      journal        = "JHEP",
      volume         = "06",
      year           = "2013",
      pages          = "064",
      doi            = "10.1007/JHEP06(2013)064",
      eprint         = "arXiv:1304.6977",
      archivePrefix  = "arXiv",
      primaryClass   = "hep-ex",
      reportNumber   = "CERN-PH-EP-2013-071, LHCB-PAPER-2013-016",
      SLACcitation   = "%%CITATION = ARXIV:1304.6977;%%"
}
@article{lhcbUpsi276,
      author         = "Aaij, Roel and others",
      title          = "{Measurement of $\Upsilon$ production in $pp$ collisions
                        at $\sqrt{s}=2.76$ TeV}",
      collaboration  = "LHCb",
      journal        = "Eur. Phys. J.",
      volume         = "C74",
      year           = "2014",
      number         = "4",
      pages          = "2835",
      doi            = "10.1140/epjc/s10052-014-2835-1",
      eprint         = "arXiv:1402.2539",
      archivePrefix  = "arXiv",
      primaryClass   = "hep-ex",
      reportNumber   = "CERN-PH-EP-2014-016, LHCB-PAPER-2013-066",
      SLACcitation   = "%%CITATION = ARXIV:1402.2539;%%"
}
@article{aliceUpsi_pp,
      author         = "Abelev, B. and others",
      title          = "{Measurement of quarkonium production at forward rapidity
                        in $pp$ collisions at $\sqrt{s} = 7$ TeV}",
      collaboration  = "ALICE",
      journal        = "Eur. Phys. J.",
      volume         = "C74",
      year           = "2014",
      number         = "8",
      pages          = "2974",
      doi            = "10.1140/epjc/s10052-014-2974-4",
      eprint         = "arXiv:1403.3648",
      archivePrefix  = "arXiv",
      primaryClass   = "nucl-ex",
      reportNumber   = "CERN-PH-EP-2014-042",
      SLACcitation   = "%%CITATION = ARXIV:1403.3648;%%"
}
@article{alicejpsipPb,
      author         = "Abelev, B. and others",
      title          = "{$J/\psi$ production and nuclear effects in p-Pb
                        collisions at $\sqrt{S_{NN}}$ = 5.02 TeV}",
      collaboration  = "ALICE",
      journal        = "JHEP",
      volume         = "02",
      year           = "2014",
      pages          = "073",
      doi            = "10.1007/JHEP02(2014)073",
      eprint         = "arXiv:1308.6726",
      archivePrefix  = "arXiv",
      primaryClass   = "nucl-ex",
      reportNumber   = "CERN-PH-EP-2013-163, ALICE-PUBLIC-2013-002",
      SLACcitation   = "%%CITATION = ARXIV:1308.6726;%%"
}
@techreport{ATLAS-CONF-2015-050,
      title         = "{Measurement of $\Upsilon(\mathrm{nS})$ production with
                       $p$+Pb collisions at $\sqrt{s_{\rm NN}} = 5.02~\mathrm
                       {TeV}$ and $pp$ collisions at $\sqrt{s} = 2.76~\mathrm
                       {TeV}$}",
      institution   = "CERN",
      address       = "Geneva",
      number        = "ATLAS-CONF-2015-050",
      month         = "Sep",
      year          = "2015",
      reportNumber  = "ATLAS-CONF-2015-050",
      url           = "http://cds.cern.ch/record/2055266",
}
@article{Fujii:2006ab,
      author         = "Fujii, Hirotsugu and Gelis, Francois and Venugopalan,
                        Raju",
      title          = "{Quark pair production in high energy pA collisions:
                        General features}",
      journal        = "Nucl. Phys.",
      volume         = "A780",
      year           = "2006",
      pages          = "146-174",
      doi            = "10.1016/j.nuclphysa.2006.09.012",
      eprint         = "hep-ph/0603099",
      archivePrefix  = "arXiv",
      primaryClass   = "hep-ph",
      SLACcitation   = "%%CITATION = HEP-PH/0603099;%%"
}

@techreport{lhcbUpsi1fb,
      author        = "Aaij, R. and others",
     title         = "{Forward production of $\Upsilon$ mesons in $pp$
                       collisions at $\sqrt{s}=7$ and 8 TeV}",
      institution   = "CERN",
      collaboration = "LHCb Collaboration",
      address       = "Geneva",
      number        = "arXiv:1509.02372. LHCB-PAPER-2015-045.
                       CERN-PH-EP-2015-232",
      month         = "Sep",
      year          = "2015",
      reportNumber  = "arXiv:1509.02372",
      url           = "http://cds.cern.ch/record/2049870",
      note          = "Comments: 36 pages, 7 figures, 16 tables",
}
@article{LansbergNNLO,
      author         = "Lansberg, J. P.",
      title          = "{$J/\psi$ production at $\sqrt{s}$=1.96 and 7 TeV:
                        Color-Singlet Model, NNLO* and polarisation}",
      booktitle      = "{Quark matter. Proceedings, 22nd International Conference
                        on Ultra-Relativistic Nucleus-Nucleus Collisions, Quark
                        Matter 2011, Annecy, France, May 23-28, 2011}",
      journal        = "J. Phys.",
      volume         = "G38",
      year           = "2011",
      pages          = "124110",
      doi            = "10.1088/0954-3899/38/12/124110",
      eprint         = "arXiv:1107.0292",
      archivePrefix  = "arXiv",
      primaryClass   = "hep-ph",
      SLACcitation   = "%%CITATION = ARXIV:1107.0292;%%"
}
@article{nrqcdupsilon,
      author         = "Wang, K. and Ma, Y.-Q. and Chao, K.-T.",
      title          = "{$\Upsilon(1S)$ prompt production at the Tevatron and LHC
                        in nonrelativistic QCD}",
      journal        = "Phys. Rev.",
      volume         = "D85",
      year           = "2012",
      pages          = "114003",
      doi            = "10.1103/PhysRevD.85.114003",
      eprint         = "arXiv:1202.6012",
      archivePrefix  = "arXiv",
      primaryClass   = "hep-ph",
      SLACcitation   = "%%CITATION = ARXIV:1202.6012;%%"
}
@article{CMSupsipol,
      author         = "Chatrchyan, S. and others",
      title          = "{Measurement of the $\Upsilon$(1S), $\Upsilon$(2S) and $\Upsilon$(3S)
                        polarizations in $pp$ collisions at $\sqrt{s}=7$ TeV}",
      collaboration  = "CMS",
      journal        = "Phys. Rev. Lett.",
      volume         = "110",
      year           = "2013",
      number         = "8",
      pages          = "081802",
      doi            = "10.1103/PhysRevLett.110.081802",
      eprint         = "arXiv:1209.2922",
      archivePrefix  = "arXiv",
      primaryClass   = "hep-ex",
      reportNumber   = "CMS-BPH-11-023, CERN-PH-EP-2012-205",
      SLACcitation   = "%%CITATION = ARXIV:1209.2922;%%"
}
@article{Agashe:2014kda,
      author         = "Olive, K. A. and others",
      title          = "{Review of Particle Physics}",
      collaboration  = "Particle Data Group",
      journal        = "Chin. Phys.",
      volume         = "C38",
      year           = "2014",
      pages          = "090001",
      doi            = "10.1088/1674-1137/38/9/090001",
      SLACcitation   = "%%CITATION = CHPHD,C38,090001;%%"
}
@article{11-011,
      author         = "Chatrchyan, S. and others",
      title          = "{Observation of sequential Upsilon suppression in PbPb
                        collisions}",
      collaboration  = "CMS",
      journal        = "Phys. Rev. Lett.",
      volume         = "109",
      year           = "2012",
      pages          = "222301",
      doi            = "10.1103/PhysRevLett.109.222301",
      eprint         = "arXiv:1208.2826",
      archivePrefix  = "arXiv",
      primaryClass   = "nucl-ex",
      reportNumber   = "CMS-HIN-11-011, CERN-PH-EP-2012-228",
      SLACcitation   = "%%CITATION = ARXIV:1208.2826;%%"
}
@article{HIN-11-007,
      author         = "Chatrchyan, S. and others",
      title          = "{Indications of suppression of excited $\Upsilon$ states
                        in PbPb collisions at $\sqrt{s_{NN}}$ = 2.76 TeV}",
      collaboration  = "CMS",
      journal        = "Phys. Rev. Lett.",
      volume         = "107",
      year           = "2011",
      pages          = "052302",
      doi            = "10.1103/PhysRevLett.107.052302",
       eprint         = "arXiv:1105.4894",
       archivePrefix  = "arXiv",
       primaryClass   = "nucl-ex",
       reportNumber   = "CERN-PH-EP-2011-074, CMS-HIN-11-007",
       SLACcitation   = "%%CITATION = ARXIV:1105.4894;%%"
}



@article{ALICEUpsilonHI,
      author         = "Abelev, B. and others",
      title          = "{Suppression of $\Upsilon (1S)$ at forward rapidity in
                        Pb-Pb collisions at $\sqrt{s_{\rm NN}} = 2.76$ TeV}",
      collaboration  = "ALICE",
      journal        = "Phys. Lett.",
      volume         = "B738",
      year           = "2014",
      pages          = "361-372",
      doi            = "10.1016/j.physletb.2014.10.001",
       eprint         = "arXiv:1405.4493",
       archivePrefix  = "arXiv",
       primaryClass   = "nucl-ex",
       reportNumber   = "CERN-PH-EP-2014-103, ALICE-PUBLIC-2014-001",
       SLACcitation   = "%%CITATION = ARXIV:1405.4493;%%"
}
@article{Capella:2000zp,
      author         = "Capella, A. and Ferreiro, E. G. and Kaidalov, A. B.",
      title          = "{Nonsaturation of the J / psi suppression at large
                        transverse energy in the comovers approach}",
      journal        = "Phys. Rev. Lett.",
      volume         = "85",
      year           = "2000",
      pages          = "2080-2083",
      doi            = "10.1103/PhysRevLett.85.2080",
      eprint         = "hep-ph/0002300",
      archivePrefix  = "arXiv",
      primaryClass   = "hep-ph",
      reportNumber   = "LPTHE-ORSAY-00-21",
      SLACcitation   = "%%CITATION = HEP-PH/0002300;%%"
}
@article{Capella:1996va,
      author         = "Capella, A. and Kaidalov, A. and Kouider Akil, A. and
                        Gerschel, C.",
      title          = "{J / psi and psi-prime suppression in heavy ion
                        collisions}",
      journal        = "Phys. Lett.",
      volume         = "B393",
      year           = "1997",
      pages          = "431-436",
      doi            = "10.1016/S0370-2693(96)01650-4",
      eprint         = "hep-ph/9607265",
      archivePrefix  = "arXiv",
      primaryClass   = "hep-ph",
      reportNumber   = "LPTHE-ORSAY-96-55",
      SLACcitation   = "%%CITATION = HEP-PH/9607265;%%"
}
@article{Eskola:2009uj,
      author         = "Eskola, K. J. and Paukkunen, H. and Salgado, C. A.",
      title          = "{EPS09: A New Generation of NLO and LO Nuclear Parton
                        Distribution Functions}",
      journal        = "JHEP",
      volume         = "04",
      year           = "2009",
      pages          = "065",
      doi            = "10.1088/1126-6708/2009/04/065",
      eprint         = "0902.4154",
      archivePrefix  = "arXiv",
      primaryClass   = "hep-ph",
      SLACcitation   = "%%CITATION = ARXIV:0902.4154;%%"
}

@article{Armesto:1997sa,
      author         = "Armesto, N. and Capella, A.",
      title          = "{A Quantitative reanalysis of J / psi suppression in
                        nuclear collisions}",
      journal        = "Phys. Lett.",
      volume         = "B430",
      year           = "1998",
      pages          = "23-31",
      doi            = "10.1016/S0370-2693(98)00487-0",
      eprint         = "hep-ph/9705275",
      archivePrefix  = "arXiv",
      primaryClass   = "hep-ph",
      reportNumber   = "LPTHE-ORSAY-97-11, DESY-97-133",
      SLACcitation   = "%%CITATION = HEP-PH/9705275;%%"
}

@article{Adamczyk:2013poh,
      author         = "Adamczyk, L. and others",
      title          = "{Suppression of $\Upsilon$ production in d+Au and Au+Au
                        collisions at $\sqrt{s_{NN}}$=200 GeV}",
      collaboration  = "STAR",
      journal        = "Phys. Lett.",
      volume         = "B735",
      year           = "2014",
      pages          = "127",
      doi            = "10.1016/j.physletb.2014.06.028,
                        10.1016/j.physletb.2015.01.046",
      note           = "[Erratum: Phys. Lett.B743,537(2015)]",
      eprint         = "arXiv:1312.3675",
      archivePrefix  = "arXiv",
      primaryClass   = "nucl-ex",
      SLACcitation   = "%%CITATION = ARXIV:1312.3675;%%"
}
@article{PhysRevD.57.3873,
 author = "Feldman, G. J. and Cousins, R D.", 
 title = "{Unified approach to the classical statistical analysis of small signals}",
 
  journal = "Phys. Rev. D",
  volume = "57",
  year = "1998", 
  issue = "7",
  pages = "3873--3889",
  publisher = "American Physical Society",
  doi = "10.1103/PhysRevD.57.3873",
eprint         = "arXiv:9711021",
      archivePrefix  = "arXiv",
      primaryClass   = "physics"
}
@article{Strickland:2011aa,
      author         = "Strickland, Michael and Bazow, Dennis",
      title          = "{Thermal Bottomonium Suppression at RHIC and LHC}",
      journal        = "Nucl. Phys.",
      volume         = "A879",
      year           = "2012",
      pages          = "25-58",
      doi            = "10.1016/j.nuclphysa.2012.02.003",
      eprint         = "1112.2761",
      archivePrefix  = "arXiv",
      primaryClass   = "nucl-th",
      SLACcitation   = "%%CITATION = ARXIV:1112.2761;%%"
}


@article{Shuryak:2003xe,
      author         = "Shuryak, Edward",
      title          = "{Why does the quark gluon plasma at RHIC behave as a
                        nearly ideal fluid?}",
      booktitle      = "{Heavy ion reaction from nuclear to quark matter.
                        Proceedings, International School of Nuclear Physics, 25th
                        Course, Erice, Italy, September 16-24, 2003}",
      journal        = "Prog. Part. Nucl. Phys.",
      volume         = "53",
      year           = "2004",
      pages          = "273-303",
      doi            = "10.1016/j.ppnp.2004.02.025",
      eprint         = "hep-ph/0312227",
      archivePrefix  = "arXiv",
      primaryClass   = "hep-ph",
      SLACcitation   = "%%CITATION = HEP-PH/0312227;%%"
}


@article{Strickland:2012cq,
      author         = "Strickland, Michael",
      title          = "{Thermal Bottomonium Suppression}",
      booktitle      = "{Proceedings, 12th International Workshop on Hadron
                        Physics}",
      journal        = "AIP Conf. Proc.",
      volume         = "1520",
      year           = "2013",
      pages          = "179-184",
      doi            = "10.1063/1.4795953",
      eprint         = "1207.5327",
      archivePrefix  = "arXiv",
      primaryClass   = "hep-ph",
      SLACcitation   = "%%CITATION = ARXIV:1207.5327;%%"
}
@article{Laine:2006ns,
      author         = "Laine, M. and Philipsen, O. and Romatschke, P. and
                        Tassler, M.",
      title          = "{Real-time static potential in hot QCD}",
      journal        = "JHEP",
      volume         = "03",
      year           = "2007",
      pages          = "054",
      doi            = "10.1088/1126-6708/2007/03/054",
      eprint         = "hep-ph/0611300",
      archivePrefix  = "arXiv",
      primaryClass   = "hep-ph",
      reportNumber   = "BI-TP-2006-41, MS-TP-06-32, INT-PUB-06-37",
      SLACcitation   = "%%CITATION = HEP-PH/0611300;%%"
}
@article{Krouppa:2015yoa,
      author         = "Krouppa, Brandon and Ryblewski, Radoslaw and Strickland,
                        Michael",
      title          = "{Bottomonia suppression in 2.76 TeV Pb-Pb collisions}",
      year           = "2015",
      eprint         = "arXiv:1507.03951",
      archivePrefix  = "arXiv",
      primaryClass   = "hep-ph",
      SLACcitation   = "%%CITATION = ARXIV:1507.03951;%%"
}
@article{1748-0221-7-10-P10002,
  author="The CMS collaboration",
  title="{Performance of CMS muon reconstruction in pp collision events at $\sqrt{s}$ = 7 TeV}",
  journal="Journal of Instrumentation",
  volume="7",
  number="10",
 year="2012",
  pages="P10002",
  url={http://stacks.iop.org/1748-0221/7/i=10/a=P10002}
 
 
}
	
@inproceedings{Dawson:1998yi,
      author         = "Dawson, S.",
      title          = "{Introduction to electroweak symmetry breaking}",
      booktitle      = "{High energy physics and cosmology. Proceedings, Summer
                        School, Trieste, Italy, June 29-July 17, 1998}",
      url            = "http://alice.cern.ch/format/showfull?sysnb=0301862",
      year           = "1998",
      pages          = "1-83",
      eprint         = "hep-ph/",
      archivePrefix  = "arXiv",
      primaryClass   = "hep-ph",
      reportNumber   = "BNL-HET-99-1",
      SLACcitation   = "%%CITATION = HEP-PH/9901280;%%"
}

@article{Tapper:2013yva,
      author         = "Tapper, A. and Acosta, Darin",
      title          = "{CMS Technical Design Report for the Level-1 Trigger
                        Upgrade}",
      collaboration  = "CMS",
      year           = "2013",
      reportNumber   = "CERN-LHCC-2013-011, CMS-TDR-12, CMS-TDR-012",
      SLACcitation   = "%%CITATION = CERN-LHCC-2013-011;%%"
}
@article{Dasu:2000ge,
      author         = "Dasu, S. and others",
      title          = "{CMS. The TriDAS project. Technical design report, vol.
                        1: The trigger systems}",
      collaboration  = "CMS",
      year           = "2000",
      reportNumber   = "CERN-LHCC-2000-038",
      SLACcitation   = "%%CITATION = CERN-LHCC-2000-038;%%"
}
@article{Brooke:2013hnf,
      author         = "Brooke, J.",
      title          = "{Performance of the CMS Level-1 Trigger}",
      booktitle      = "{Proceedings, 36th International Conference on High
                        Energy Physics (ICHEP2012)}",
      collaboration  = "CMS",
      journal        = "PoS",
      volume         = "ICHEP2012",
      year           = "2013",
      pages          = "508",
      eprint         = "arXiv:1302.2469",
      archivePrefix  = "arXiv",
      primaryClass   = "hep-ex",
      reportNumber   = "CERN-CMS-CR-2012-322",
      SLACcitation   = "%%CITATION = ARXIV:1302.2469;%%"
}

@book{Dokshitzer:1991wu,
      author         = "Dokshitzer, Yuri L. and Khoze, Valery A. and Mueller,
                        Alfred H. and Troian, S. I.",
      title          = "{Basics of perturbative QCD}",
      journal        = "Gif-sur-Yvette, France: Ed. Frontieres (1991) 274 p.
                        (Basics of)",
      year           = "1991",
      SLACcitation   = "%%CITATION = INSPIRE-325492;%%"
}

@article{Aad:2015zhl,
      author         = "Aad, Georges and others",
      title          = "{Combined Measurement of the Higgs Boson Mass in $pp$
                        Collisions at $\sqrt{s}=7$ and 8 TeV with the ATLAS and
                        CMS Experiments}",
      collaboration  = "ATLAS, CMS",
      journal        = "Phys. Rev. Lett.",
      volume         = "114",
      year           = "2015",
      pages          = "191803",
      doi            = "10.1103/PhysRevLett.114.191803",
      eprint         = "arXiv:1503.07589",
      archivePrefix  = "arXiv",
      primaryClass   = "hep-ex",
      reportNumber   = "ATLAS-HIGG-2014-14, CMS-HIG-14-042, CERN-PH-EP-2015-075",
      SLACcitation   = "%%CITATION = ARXIV:1503.07589;%%"
}

@article{Trocino:2014jya,
      author         = "Trocino, Daniele",
      title          = "{The CMS High Level Trigger}",
      booktitle      = "{Proceedings, 20th International Conference on Computing
                        in High Energy and Nuclear Physics (CHEP 2013)}",
      journal        = "J. Phys. Conf. Ser.",
      volume         = "513",
      year           = "2014",
      pages          = "012036",
      doi            = "10.1088/1742-6596/513/1/012036",
      SLACcitation   = "%%CITATION = 00462,513,012036;%%"
}

@inproceedings{4774822,
author="Bell, Alan.J.",
title="{Beam and Radiation Monitoring for CMS}",
booktitle="{Nuclear Science Symposium Conference Record, 2008. NSS '08. IEEE}",
year="2008",
pages="2322-2325",
doi="10.1109/NSSMIC.2008.4774822",
month="Oct",}

@article{Chatrchyan:2009ae,
      author         = "Chatrchyan, S and others",
      title          = "{Performance of CMS Muon Reconstruction in Cosmic-Ray
                        Events}",
      collaboration  = "CMS",
      journal        = "JINST",
      volume         = "5",
      year           = "2010",
      pages          = "T03022",
      doi            = "10.1088/1748-0221/5/03/T03022",
      eprint         = "0911.4994",
      archivePrefix  = "arXiv",
      primaryClass   = "physics.ins-det",
      reportNumber   = "CMS-CFT-09-014",
      SLACcitation   = "%%CITATION = ARXIV:0911.4994;%%"
}
@techreport{CMS-PAS-MUO-10-002,
      title         = "{Performance of muon identification in pp collisions at
                       $\sqrt{s}$ = 7 TeV}",
      institution   = "CERN",
      collaboration = "CMS Collaboration",
      address       = "2010. Geneva",
      number        = "CMS-PAS-MUO-10-002",
      year          = "2010",
      reportNumber  = "CMS-PAS-MUO-10-002",
      url           = "http://cds.cern.ch/record/1279140"
}
@article{Chatrchyan:2013sba,
      author         = "Chatrchyan, Serguei and others",
      title          = "{The performance of the CMS muon detector in
                        proton-proton collisions at $\sqrt{s}$ = 7 TeV at the LHC}",
      collaboration  = "CMS",
      journal        = "JINST",
      volume         = "8",
      year           = "2013",
      pages          = "P11002",
      doi            = "10.1088/1748-0221/8/11/P11002",
      eprint         = "1306.6905",
      archivePrefix  = "arXiv",
      primaryClass   = "physics.ins-det",
      reportNumber   = "CMS-MUO-11-001, CERN-PH-EP-2013-072",
      SLACcitation   = "%%CITATION = ARXIV:1306.6905;%%"
}
@article{Chatrchyan:2012xi,
      author         = "Chatrchyan, Serguei and others",
      title          = "{Performance of CMS muon reconstruction in $pp$ collision
                        events at $\sqrt{s}=7$ TeV}",
      collaboration  = "CMS",
      journal        = "JINST",
      volume         = "7",
      year           = "2012",
      pages          = "P10002",
      doi            = "10.1088/1748-0221/7/10/P10002",
      eprint         = "1206.4071",
      archivePrefix  = "arXiv",
      primaryClass   = "physics.ins-det",
      reportNumber   = "CMS-MUO-10-004, CERN-PH-EP-2012-173",
      SLACcitation   = "%%CITATION = ARXIV:1206.4071;%%"
}
@article{Fruhwirth1987444,
author = "R. Fruehwirth",
title = "{Application of Kalman filtering to track and vertex fitting} ",
journal = "Nuclear Instruments and Methods in Physics Research Section A: Accelerators, Spectrometers, Detectors and Associated Equipment ",
volume = "262",
number = "2–3",
pages = "444 - 450",
year = "1987",
doi = "http://dx.doi.org/10.1016/0168-9002(87)90887-4",
url = "http://www.sciencedirect.com/science/article/pii/0168900287908874"
}

@article{Bayatian:2006zz,
      author         = "Bayatian, G. L. and others",
      title          = "{CMS physics: Technical design report}",
      collaboration  = "CMS",
      year           = "2006",
      reportNumber   = "CERN-LHCC-2006-001, CMS-TDR-008-1",
      SLACcitation   = "%%CITATION = CERN-LHCC-2006-001;%%"
}
@article{Denterria:2007xr,
      author         = "d'Enterria, David G. and others",
      title          = "{CMS physics technical design report: Addendum on high
                        density QCD with heavy ions}",
      collaboration  = "CMS",
      journal        = "J. Phys.",
      volume         = "G34",
      year           = "2007",
      pages          = "2307-2455",
      doi            = "10.1088/0954-3899/34/11/008",
      reportNumber   = "CERN-LHCC-2007-009",
      SLACcitation   = "%%CITATION = JPAGA,G34,2307;%%"
}
@article{Roland:2006kz,
      author         = "Roland, C.",
      title          = "{Track reconstruction in heavy ion events using the CMS
                        tracker}",
      booktitle      = "{Tracking in high multiplicity environments. Proceedings,
                        1st Workshop, TIME 2005, Zuerich, Switzerland, October
                        3-7, 2005}",
      journal        = "Nucl. Instrum. Meth.",
      volume         = "A566",
      year           = "2006",
      pages          = "123-126",
      doi            = "10.1016/j.nima.2006.05.023",
      reportNumber   = "CERN-CMS-NOTE-2006-031",
      SLACcitation   = "%%CITATION = NUIMA,A566,123;%%"
}
@article{Karsch:2001cy,
	author = {Karsch, F.},
	journal = {Lect. Notes Phys.},
	pages = {209},
	SLACcitation = {%%CITATION = HEP-LAT 0106019;%%},
	title = {Lattice QCD at high temperature and density},
	volume = {583},
	year = {2002}}
@article{Chatrchyan:2013nza,
      author         = "Chatrchyan, Serguei and others",
      title          = "{Event activity dependence of Y(nS) production in
                        $\sqrt{s_{NN}}$=5.02 TeV pPb and $\sqrt{s}$=2.76 TeV pp
                        collisions}",
      collaboration  = "CMS",
      journal        = "JHEP",
      volume         = "04",
      year           = "2014",
      pages          = "103",
      doi            = "10.1007/JHEP04(2014)103",
      eprint         = "1312.6300",
      archivePrefix  = "arXiv",
      primaryClass   = "nucl-ex",
      reportNumber   = "CMS-HIN-13-003, CERN-PH-EP-2013-219",
      SLACcitation   = "%%CITATION = ARXIV:1312.6300;%%"
}

@article{Karsch:1987uk,
      author         = "Karsch, F. and Petronzio, R.",
      title          = "{Momentum Distribution of J/psi in the Presence of a
                        Quark - Gluon Plasma}",
      journal        = "Phys. Lett.",
      volume         = "B193",
      year           = "1987",
      pages          = "105",
      doi            = "10.1016/0370-2693(87)90465-5",
      reportNumber   = "CERN-TH-4699/87, MPI-PAE/PTH-30/87",
      SLACcitation   = "%%CITATION = PHLTA,B193,105;%%"
}
@article{Chu:1987sy,
      author         = "Chu, M. C. and Matsui, T.",
      title          = "{Pattern of $J/\psi$ Suppression in Ultrarelativistic
                        Heavy Ion Collisions}",
      journal        = "Phys. Rev.",
      volume         = "D37",
      year           = "1988",
      pages          = "1851",
      doi            = "10.1103/PhysRevD.37.1851",
      reportNumber   = "MIT-CTP-1546",
      SLACcitation   = "%%CITATION = PHRVA,D37,1851;%%"
}
@article{Blaizot:188468,
      author        = "Blaizot, J P and Ollitrault, Jean Yves",
      title         = "{On the fate of a $J/\psi$ produced in a nucleus-nucleus
                       collision}",
      journal       = "Phys. Rev. D",
      number        = "SACLAY-SPHT-T-88-111",
      volume        = "39",
      pages         = "232-249. 59 p",
      year          = "1988",
      url           = "https://cds.cern.ch/record/188468",
}


@article{beamhalo,
author="Liu, C. and others",
title="{Reconstruction of cosmic and beam-halo muons with the CMS detector}",
year="2008",
journal="The European Physical Journal C",
volume="56",
number="3",
doi="10.1140/epjc/s10052-008-0674-7",
url="http://dx.doi.org/10.1140/epjc/s10052-008-0674-7",
publisher="Springer-Verlag",
pages="449-460"
}
@article{Chatrchyan:2011sx,
      author         = "Chatrchyan, Serguei and others",
      title          = "{Observation and studies of jet quenching in PbPb
                        collisions at nucleon-nucleon center-of-mass energy = 2.76
                        TeV}",
      collaboration  = "CMS",
      journal        = "Phys. Rev.",
      volume         = "C84",
      year           = "2011",
      pages          = "024906",
      doi            = "10.1103/PhysRevC.84.024906",
      eprint         = "1102.1957",
      archivePrefix  = "arXiv",
      primaryClass   = "nucl-ex",
      reportNumber   = "CERN-PH-EP-2011-001, CMS-HIN-10-004",
      SLACcitation   = "%%CITATION = ARXIV:1102.1957;%%"
}


@article{Miller:2007ri,
      author         = "Miller, Michael L. and Reygers, Klaus and Sanders,
                        Stephen J. and Steinberg, Peter",
      title          = "{Glauber modeling in high energy nuclear collisions}",
      journal        = "Ann. Rev. Nucl. Part. Sci.",
      volume         = "57",
      year           = "2007",
      pages          = "205-243",
      doi            = "10.1146/annurev.nucl.57.090506.123020",
      eprint         = "nucl-ex/0701025",
      archivePrefix  = "arXiv",
      primaryClass   = "nucl-ex",
      SLACcitation   = "%%CITATION = NUCL-EX/0701025;%%"
}


@article{de1974nuclear,
  title="Nuclear charge-and magnetization-density-distribution parameters from elastic electron scattering",
  author="{De Jager, CW and De Vries, H and De Vries, C}",
  journal="Atomic data and nuclear data tables",
  volume="14",
  number="5",
  pages="479--508",
  year="1974",
  publisher="Elsevier"
}

@inproceedings{CDF:1994aa,
      title          = "{$J/\psi$, $\Upsilon \to \mu^{+} \mu^{-}$ and $B
                        \to J/\psi$, $\psi^\prime$ cross-sections}",
      booktitle      = "{27th International Conference on High-energy Physics
                        (ICHEP 94) Glasgow, Scotland, July 20-27, 1994}",
      collaboration  = "CDF",
      url            = "http://www-cdf.fnal.gov/physics/conf94/cdf2623_glasgow_jpsi_psi2s.ps",
      year           = "1994",
      eprint         = "hep-ex/9412013",
      archivePrefix  = "arXiv",
      primaryClass   = "hep-ex",
      reportNumber   = "FERMILAB-CONF-94-136-E, CDF-PUB-BOTTOM-PUBLIC-2623,
                        C94-07-20",
      SLACcitation   = "%%CITATION = HEP-EX/9412013;%%"
}

@article{Grandchamp:2002wp,
      author         = "Grandchamp, L. and Rapp, R.",
      title          = "{Charmonium suppression and regeneration from SPS to
                        RHIC}",
      journal        = "Nucl. Phys.",
      volume         = "A709",
      year           = "2002",
      pages          = "415-439",
      doi            = "10.1016/S0375-9474(02)01027-8",
      eprint         = "hep-ph/0205305",
      archivePrefix  = "arXiv",
      primaryClass   = "hep-ph",
      SLACcitation   = "%%CITATION = HEP-PH/0205305;%%"
}

@article{BraunMunzinger:2000px,
      author         = "Braun-Munzinger, P. and Stachel, J.",
      title          = "{(Non)thermal aspects of charmonium production and a new
                        look at J/$\psi$ suppression}",
      journal        = "Phys. Lett.",
      volume         = "B490",
      year           = "2000",
      pages          = "196-202",
      doi            = "10.1016/S0370-2693(00)00991-6",
      eprint         = "nucl-th/0007059",
      archivePrefix  = "arXiv",
      primaryClass   = "nucl-th",
      SLACcitation   = "%%CITATION = NUCL-TH/0007059;%%"
}

@article{Khachatryan:2014bva,
      author         = "Khachatryan, Vardan and others",
      title          = "{Measurement of Prompt $\psi(2S) \to J/\psi$ Yield Ratios
                        in Pb-Pb and $pp$ collisions at nucleon-nucleon center-of-mass energy = 2.76
                        TeV}",
      collaboration  = "CMS",
      journal        = "Phys. Rev. Lett.",
      volume         = "113",
      year           = "2014",
      number         = "26",
      pages          = "262301",
      doi            = "10.1103/PhysRevLett.113.262301",
      eprint         = "1410.1804",
      archivePrefix  = "arXiv",
      primaryClass   = "nucl-ex",
      reportNumber   = "CMS-HIN-12-007, CERN-PH-EP-2014-240",
      SLACcitation   = "%%CITATION = ARXIV:1410.1804;%%"
}

@article{Schindl:384396,
      author        = "Schindl, Karlheinz",
      title         = "{The Injector Chain for the LHC; rev. version}",
      number        = "CERN-PS-99-018-DI",
      pages         = "7 p",
      month         = "Mar",
      year          = "1999",
      reportNumber  = "CERN-PS-99-018-DI",
      url           = "http://cds.cern.ch/record/384396",
}
@inproceedings{Beuret:2004mf,
      author         = "Beuret, A. and others",
      title          = "{The LHC Lead Ion Injector Chain}",
      booktitle      = "{9th European Particle Accelerator Conference (EPAC 2004)
                        Lucerne, Switzerland, July 5-9, 2004}",
      url            = "http://accelconf.web.cern.ch/AccelConf/e04/PAPERS/TUPLT011.PDF",
      year           = "2004",
      reportNumber   = "EPAC-2004-TUPLT011",
      SLACcitation   = "%%CITATION = EPAC-2004-TUPLT011;%%"
}
@inproceedings{Arnaudon:2004kq,
      author         = "Arnaudon, L. and Disdier, M. and Maesen, P. and Prax, M.",
      title          = "{Control of the LHC 400 MHz RF System (ACS)}",
      booktitle      = "{9th European Particle Accelerator Conference (EPAC 2004)
                        Lucerne, Switzerland, July 5-9, 2004}",
      url            = "http://accelconf.web.cern.ch/AccelConf/e04/PAPERS/MOPLT004.PDF",
      year           = "2004",
      reportNumber   = "EPAC-2004-MOPLT004",
      SLACcitation   = "%%CITATION = EPAC-2004-MOPLT004;%%"
}


@article{Aad:2008zzm,
      author         = "Aad, G. and others",
      title          = "{The ATLAS Experiment at the CERN Large Hadron Collider}",
      collaboration  = "ATLAS",
      journal        = "JINST",
      volume         = "3",
      year           = "2008",
      pages          = "S08003",
      doi            = "10.1088/1748-0221/3/08/S08003",
      SLACcitation   = "%%CITATION = JINST,3,S08003;%%"
}
@article{Aamodt:2008zz,
      author         = "Aamodt, K. and others",
      title          = "{The ALICE experiment at the CERN LHC}",
      collaboration  = "ALICE",
      journal        = "JINST",
      volume         = "3",
      year           = "2008",
      pages          = "S08002",
      doi            = "10.1088/1748-0221/3/08/S08002",
      SLACcitation   = "%%CITATION = JINST,3,S08002;%%"
}
@article{Chatrchyan:2008aa,
      author         = "Chatrchyan, S. and others",
      title          = "{The CMS experiment at the CERN LHC}",
      collaboration  = "CMS",
      journal        = "JINST",
      volume         = "3",
      year           = "2008",
      pages          = "S08004",
      doi            = "10.1088/1748-0221/3/08/S08004",
      SLACcitation   = "%%CITATION = JINST,3,S08004;%%"
}

@article{Alves:2008zz,
      author         = "Alves, Jr., A. Augusto and others",
      title          = "{The LHCb Detector at the LHC}",
      collaboration  = "LHCb",
      journal        = "JINST",
      volume         = "3",
      year           = "2008",
      pages          = "S08005",
      doi            = "10.1088/1748-0221/3/08/S08005",
      SLACcitation   = "%%CITATION = JINST,3,S08005;%%"
}
@phdthesis{Jing:1757559,
      author        = "Jing, Fanfan and Gao, Yuanning and Yang, Zhenwei and
                       Schmidt, Burkhard",
      title         = "{Study of Cold Nuclear Matter Effects on Heavy Quarkonia
                       in Proton-Lead Collisions at LHCb}",
      school        = "Tsinghua U., Beijing",
      month         = "Jun",
      year          = "2014",
      reportNumber  = "CERN-THESIS-2014-128",
      url           = "http://cds.cern.ch/record/1757559",
      note          = "Presented 11 Jun 2014",
}

@article{PhysRevLett.7.421,
  title = "{Evidence for a Three-Pion Resonance Near 550 MeV}",
  author = "Pevsner, A. and Kraemer, R. and Nussbaum, M. and Richardson, C. and Schlein, P. and Strand, R. and Toohig, T. and Block, M. and Engler, A. and Gessaroli, R. and Meltzer, C.",
  journal = "Phys. Rev. Lett.",
  volume = "7",
  issue = "11",
  pages = "421--423",
  numpages = "0",
  year = "1961",
  month = "Dec",
  publisher = "American Physical Society",
}
@article{Emerick:2011xu,
      author         = "Emerick, A. and Zhao, X. and Rapp, R.",
      title          = "{Bottomonia in the Quark-Gluon Plasma and their
                        Production at RHIC and LHC}",
      journal        = "Eur. Phys. J.",
      volume         = "A48",
      year           = "2012",
      pages          = "72",
      doi            = "10.1140/epja/i2012-12072-y",
      eprint         = "1111.6537",
      archivePrefix  = "arXiv",
      primaryClass   = "hep-ph",
      SLACcitation   = "%%CITATION = ARXIV:1111.6537;%%"
}
@article{Zhao:2011cv,
      author         = "Zhao, Xingbo and Rapp, Ralf",
      title          = "{Medium Modifications and Production of Charmonia at
                        LHC}",
      journal        = "Nucl. Phys.",
      volume         = "A859",
      year           = "2011",
      pages          = "114-125",
      doi            = "10.1016/j.nuclphysa.2011.05.001",
      eprint         = "1102.2194",
      archivePrefix  = "arXiv",
      primaryClass   = "hep-ph",
      SLACcitation   = "%%CITATION = ARXIV:1102.2194;%%"
}

@article{Glauber:1970jm,
      author         = "Glauber, R. J. and Matthiae, G.",
      title          = "{High-energy scattering of protons by nuclei}",
      journal        = "Nucl. Phys.",
      volume         = "B21",
      year           = "1970",
      pages          = "135-157",
      SLACcitation   = "%%CITATION = NUPHA,B21,135;%%"
}
@article{Verkerke:2003ir,
      author         = "Verkerke, Wouter and Kirkby, David P.",
      title          = "{The RooFit toolkit for data modeling}",
      booktitle      = "{Statistical problems in particle physics, astrophysics
                        and cosmology. Proceedings, Conference, PHYSTAT05, Oxford,
                        UK, September 12-15, 2005}",
      journal        = "eConf",
      volume         = "C0303241",
      year           = "2003",
      pages          = "MOLT007",
      note           = "[,186(2003)]",
      eprint         = "physics/0306116",
      archivePrefix  = "arXiv",
      primaryClass   = "physics",
      reportNumber   = "CHEP-2003-MOLT007",
      SLACcitation   = "%%CITATION = PHYSICS/0306116;%%"
}

